1744 2973
875 193 901 232 4

302 321 434 371 Atque
469 334 519 361 ne
553 321 702 361 nomini
737 321 895 369 ,Cato'
936 321 1115 373 quidem,
1150 321 1251 361 sicut
1282 320 1500 361 Bursianus
1536 323 1576 359 et

198 384 494 434 Grasbergerus
540 384 783 434 maluerunt,
829 387 872 422 ut
918 383 1072 434 ,Cato'
1119 383 1268 436 pariter
1312 395 1361 423 ac
1407 393 1575 434 ,gener

197 446 369 487 minor'
411 446 603 487 attributo
644 450 872 498 ornaretur,
913 446 986 487 sed
1025 447 1114 488 voci
1155 446 1329 499 ,leges'
1371 444 1573 499 epitheton

197 510 337 551 deberi
384 511 504 551 etiam
549 511 760 550 verborum
806 510 1070 551 collocatione
1115 511 1233 551 Statii
1283 509 1574 563 politorumque

199 574 379 615 eiusdem
407 574 551 615 aetatis
586 578 792 627 poetarum
829 574 993 627 propria
1025 586 1247 625 monemur,
1281 586 1361 624 qua
1393 574 1573 614 substan-

196 639 321 678 tivum
349 642 389 678 et
416 637 656 679 adiectivum
682 638 722 678 in
750 637 945 690 principio
973 642 1013 678 et
1030 638 1109 678 fine
1134 650 1273 678 versus
1290 637 1355 678 vel
1373 637 1572 678 enunciati

197 701 330 753 posita
358 700 570 741 artificiose
597 700 753 751 reliqua
780 701 904 741 verba
932 701 1266 753 complectuntur,
1294 706 1337 740 ut
1363 712 1500 741 versus
1529 712 1572 740 re

197 777 292 805 vera
320 765 372 805 sit
399 768 504 804 teres
532 768 654 815 atque
680 763 871 804 rotundus
899 764 1175 815 sententiaque
1201 765 1242 804 in
1269 776 1313 805 se
1340 763 1498 815 redeat3
1535 763 1578 804 cf

197 828 371 880 exempli
405 828 538 879 gratia
572 840 641 867 vv:
688 829 722 879 1,
750 828 787 879 5,
819 829 879 879 11,
907 828 971 880 20,
998 828 1062 880 21,
1090 828 1154 880 26,
1182 829 1246 880 30,
1273 828 1337 880 59,
1366 828 1429 877 60,
1463 827 1572 867 innu-

196 903 328 931 meros
356 892 470 931 alios.
525 890 692 931 Accedit
727 891 916 942 denique,
953 891 1058 942 quod
1093 891 1333 931 adiectivum
1369 891 1571 942 ,minor’,

197 967 287 994 cum
315 954 404 994 loco
433 958 567 995 nostro
596 967 675 994 non
702 955 945 1006 attributiva,
979 954 1051 995 sed
1077 954 1353 1007 praedicativa
1379 954 1466 995 vice
1493 967 1573 995 ma-

195 1018 341 1058 nifesto
384 1019 590 1068 fungatur,
632 1031 711 1058 non
753 1018 917 1069 epitheti
959 1018 1165 1058 cuiusdam
1206 1018 1363 1058 nomine
1398 1018 1572 1057 Catoni

195 1093 441 1132 generove
469 1081 545 1121 soli
575 1080 845 1133 tribuendum,
874 1081 945 1121 sed
974 1094 1062 1121 cum
1090 1081 1311 1121 elocutione
1339 1081 1406 1132 ,in
1433 1081 1572 1131 leges

196 1144 308 1184 iret'
338 1144 536 1184 artissime
565 1144 815 1185 coniunctum
834 1144 887 1185 ad
906 1145 1136 1197 Pompeium
1156 1145 1424 1196 Catonemque
1444 1156 1571 1195 aequo

198 1207 318 1248 modo
348 1212 410 1248 cst
435 1208 697 1248 referendum.

302 1283 380 1322 Tot
420 1283 621 1333 tantisque
663 1283 867 1323 doctorum
907 1284 1080 1324 virorum
1122 1283 1320 1323 erroribus
1359 1282 1572 1333 patefactis

196 1349 341 1396 restat,
388 1348 431 1384 ut
476 1357 579 1396 quae
624 1345 675 1385 sit
720 1358 809 1386 mea
851 1346 929 1387 loci
970 1345 1209 1386 emendandi
1249 1345 1351 1385 ratio
1392 1344 1570 1397 prodam.

193 1409 390 1459 Equidem
419 1421 516 1449 voce
548 1408 764 1460 ,dextras’
800 1410 984 1450 restituta
1011 1410 1146 1450 mitem
1164 1408 1383 1449 Domitiani
1400 1413 1571 1449 mentem

194 1472 417 1512 clarissime
446 1473 730 1525 aptissimeque
758 1474 914 1513 elucere
951 1473 1127 1524 Juliique
1159 1472 1344 1514 Caesaris
1370 1472 1572 1513 severitati

194 1535 514 1577 commodissime
543 1537 691 1588 opponi
718 1550 953 1589 persuasum
981 1537 1122 1578 habeo.
1178 1536 1437 1577 Coniecturae
1465 1537 1569 1576 enim

192 1612 307 1639 meae
334 1600 529 1652 imprimis
557 1600 756 1640 Silvarum
785 1601 896 1641 locus
925 1601 1051 1652 favet,
1087 1600 1155 1640 ubi
1184 1599 1325 1640 eadem
1353 1599 1569 1640 Domitiani

194 1662 319 1703 virtus
347 1663 408 1704 his
436 1662 692 1715 praedicatur
719 1663 779 1704 111
806 1664 845 1715 4,
874 1664 924 1704 73
951 1676 1067 1715 seqq:

324 1749 520 1797 ,Nondum
549 1750 707 1798 pulchra
735 1750 841 1786 ducis
871 1750 1128 1786 clementia
1156 1751 1337 1798 coeperat
1364 1751 1448 1786 ortu

324 1801 493 1839 Intactos
522 1813 677 1839 servare
706 1814 851 1850 mares,
880 1813 978 1839 nunc
1006 1802 1182 1851 frangere
1210 1813 1343 1838 sexum

325 1854 453 1902 Atque
480 1854 673 1891 hominem
703 1859 850 1891 mutare
877 1855 1005 1902 nefas3
1033 1856 1241 1903 gavisaque
1270 1866 1381 1891 sanos

324 1905 427 1951 Quos
456 1908 586 1956 genuit
613 1912 748 1944 natura
776 1907 893 1955 videt,
922 1919 992 1943 nec
1019 1906 1125 1956 lege
1154 1907 1357 1943 sinistra

323 1960 440 1997 Ferre
468 1960 603 1997 timent
630 1960 797 1997 famulae
824 1965 999 1997 natorum
1026 1960 1196 2010 pondera
1223 1960 1386 1997 matres?

192 2043 236 2079 V.
254 2045 394 2090 1,144.
416 2071 424 2079 .
447 2071 455 2079 .
478 2073 487 2082 .
517 2043 627 2091 ,quid
657 2045 757 2080 enim
785 2044 957 2091 quamvis
985 2043 1102 2079 infida
1128 2043 1301 2091 levisque

382 2094 590 2132 Caesare
618 2100 694 2132 tam
725 2096 897 2133 dextro
925 2099 1056 2145 posset
1082 2096 1249 2133 Fortuna
1275 2094 1444 2132 timeri?'

297 2158 316 2196 I
350 2158 394 2207 2,
431 2158 529 2207 2113
571 2158 609 2194 V
647 2159 688 2208 1,
728 2157 774 2195 13
811 2161 850 2196 et
887 2157 957 2205 713
999 2156 1122 2196 Theb.
1157 2157 1217 2196 III
1256 2157 1336 2196 454
1377 2156 1566 2207 ,dexter

189 2220 406 2271 Apollo’3
435 2219 507 2260 Ov.
537 2220 645 2260 Fast.
673 2221 692 2259 I
721 2221 769 2259 67
799 2224 839 2259 et
866 2220 929 2259 69.
983 2220 1030 2259 A.
1059 2233 1135 2260 am.
1163 2220 1204 2259 II
1233 2219 1326 2259 145:

323 2284 554 2332 ,Dextera
580 2285 786 2334 praecipue
814 2285 918 2335 capit
946 2284 1251 2334 indulgentia
1278 2287 1442 2321 mentes:

322 2337 522 2387 Asperitas
552 2338 679 2374 odium
710 2349 901 2386 saevaque
930 2337 1048 2375 verba
1076 2341 1242 2376 movent.
1253 2337 1261 2349 ’

296 2400 440 2439 Catull.
468 2399 533 2450 45,
562 2400 684 2450 8—93
712 2400 829 2450 Verg.
859 2400 956 2439 Aen.
986 2399 1023 2437 X
1053 2400 1140 2438 773.
