1744 2973
842 210 893 249 48

177 349 202 375 a
234 335 532 375 Marklando
567 339 608 375 et
640 336 949 376 Baehrensio
990 334 1188 375 laudatus.
1249 336 1547 390 Polsterus¹)

176 402 310 438 autem
337 410 435 439 voce
463 399 663 449 ,Cassis'
701 399 904 451 ,inanitati
941 398 1035 439 doni
1069 398 1257 439 iocularis
1285 399 1432 452 optime
1459 412 1548 440 con-

174 462 320 501 sultum
350 462 454 502 esse’
490 463 565 503 sibi
600 463 811 514 persuasit.
867 463 920 502 At
955 462 1030 503 hoc
1056 461 1298 503 adiectivum
1323 466 1407 503 toto
1435 463 1547 504 caelo

174 538 199 564 a
217 525 306 565 loco
325 529 459 565 nostro
479 525 692 565 abhorrere
721 538 810 566 cum
827 526 953 578 ipsius
972 525 1080 565 notio
1106 525 1234 577 docet,
1263 530 1346 565 tum
1365 526 1549 578 exempla

174 602 199 627 a
233 589 413 629 Polstero
455 589 600 642 allata,
641 589 751 629 velut
793 602 930 641 ,cassa
965 589 1111 640 glans',
1153 601 1332 640 ,cassum
1365 590 1547 641 granum'

175 652 347 690 maxime
375 656 559 702 arguunt.
1108 652 1111 655 ’

277 714 473 766 Equidem
507 715 596 755 voci
630 715 871 768 ‚Crassis’,
908 728 1027 767 quam
1064 714 1115 755 de
1142 728 1229 756 meo
1265 715 1427 756 iamiam
1460 728 1547 768 pro-

173 777 277 829 fero,
318 779 547 829 patrocinor
582 782 622 818 et
655 779 825 818 Polsteri
858 779 1022 818 alterius
1056 777 1188 818 mendi
1231 778 1548 819 emendationem

173 841 368 891 ,secta’,
404 840 446 879 in
474 853 593 891 quam
621 841 708 893 ipse
735 853 891 892 quoque
918 840 1150 893 incideram,
1179 842 1405 894 comprobo.
1459 839 1546 888 Quo

172 904 279 945 facto
313 917 472 956 sensus,
514 917 630 955 quem
664 905 869 945 Polsterus
909 909 1017 945 recte
1057 904 1149 945 huic
1188 906 1276 946 loco
1317 904 1547 956 vindicavit,

173 968 263 1007 luce
309 968 453 1008 clarior
498 969 687 1019 exsurgit.
757 968 1000 1020 ,Crassae'
1045 967 1232 1008 videlicet
1276 965 1547 1019 ‚lae‘ernae'

172 1044 250 1071 non
279 1032 407 1072 solum
433 1032 534 1072 viles
570 1032 761 1083 parvique
795 1032 912 1084 pretii
948 1035 1079 1083 erant,
1121 1031 1193 1072 sed
1228 1032 1348 1071 etiam
1374 1032 1548 1072 maxime

172 1094 354 1146 idoneae,
382 1094 489 1134 unde
516 1096 641 1146 pillea
668 1099 910 1135 secarentur.
965 1095 1024 1135 Of.
1052 1095 1168 1135 Mart.
1196 1094 1292 1134 V111
1318 1095 1388 1133 58:

251 1159 366 1208 ,Cum
393 1159 464 1196 tibi
491 1162 570 1196 tam
597 1172 789 1197 crassae
816 1160 903 1207 sint,
933 1159 1187 1208 Artemidore,
1214 1159 1458 1209 lacernae,

250 1213 399 1249 Possim
427 1216 466 1248 te
494 1224 669 1261 sagarum
696 1214 779 1249 iure
805 1224 946 1249 vocare
972 1212 1083 1249 meo?

171 1273 335 1313 Horat.
364 1273 447 1313 Sat.
475 1273 495 1312 I
522 1274 560 1324 3,
590 1274 659 1312 13:

305 1365 471 1381 .....
482 1337 596 1374 modo
625 1338 675 1373 sit
702 1336 795 1373 mihi
823 1349 953 1374 mensa
979 1338 1098 1386 tripes
1127 1340 1166 1374 et

303 1389 457 1427 Concha
484 1390 574 1426 salis
602 1390 686 1439 puri
714 1394 753 1426 et
779 1394 908 1439 toga,
938 1402 1035 1439 quae
1064 1389 1268 1427 defendere
1296 1389 1426 1438 frigus,

304 1441 486 1488 Quamvis
515 1455 681 1479 crassa
709 1442 847 1491 queat.'

171 1505 229 1545 Of.
259 1504 430 1555 denique
457 1506 639 1546 Juvenal.
667 1504 728 1544 IX
755 1505 929 1545 28—31:

280 1597 485 1607 ......
517 1599 526 1618 ,
537 1573 577 1606 at
605 1570 697 1605 mibi
724 1569 869 1606 nullum

275 1622 368 1658 Inde
395 1634 535 1671 operae
562 1622 738 1671 pretium.
767 1623 845 1670 pin
854 1634 910 1670 gu
920 1633 941 1658 e
951 1634 968 1658 s
996 1621 1200 1669 aliquando
1228 1621 1272 1656 la
1280 1632 1301 1656 c
1310 1632 1386 1657 ern
1395 1632 1418 1656 a
1427 1632 1444 1656 s
1454 1648 1464 1668 ,

276 1674 510 1711 Munimenta
537 1678 664 1724 togae,
692 1674 776 1711 duri
804 1686 825 1710 c
833 1687 853 1710 r
861 1686 884 1712 a
893 1687 910 1711 s
920 1686 937 1711 s
945 1675 958 1710 i
967 1685 992 1722 q
1000 1687 1024 1711 u
1033 1686 1055 1711 e
1083 1674 1235 1721 coloris,

275 1727 327 1763 Et
353 1727 453 1764 male
483 1739 683 1776 percussas
711 1728 873 1765 textoris
901 1728 1053 1776 pectine
1081 1725 1183 1763 Galli

279 1779 522 1828 AccipimuS.'

754 1949 793 1991 v
833 1950 871 2002 1,
912 1949 981 1991 19.

171 2034 218 2070 V.
240 2035 304 2071 18:
334 2032 409 2071 Sed
437 2045 523 2070 cum
550 2033 665 2082 plaga
692 2045 824 2069 recens
854 2036 892 2069 et
919 2032 1040 2068 adhuc
1068 2032 1106 2068 in
1133 2031 1290 2068 vulnere
1317 2030 1439 2080 primo

328 2086 449 2136 Nigra
477 2086 610 2123 domus
638 2089 773 2134 questu
802 2086 1104 2132 miseramque
1132 2096 1309 2121 accessus
1337 2082 1385 2119 ad
1412 2093 1540 2119 aurem

329 2138 509 2189 Coniugis
538 2139 675 2187 orbati,
703 2142 792 2175 tunc
823 2137 913 2174 flere
941 2140 979 2174 et
1006 2136 1178 2174 scindere
1205 2140 1332 2173 vestes

328 2192 380 2229 Et
408 2192 569 2229 famulos
598 2192 744 2228 lassare
771 2202 907 2240 greges
936 2194 974 2226 et
1000 2190 1154 2227 vincere
1181 2190 1335 2239 planctu
1351 2187 1378 2235 ²)

327 2245 498 2293 Fataque
527 2248 565 2281 et
592 2245 752 2281 iniustos
780 2243 925 2280 rabidis
952 2242 1105 2292 pulsare
1132 2242 1298 2291 querelis

330 2298 540 2336 Caelicolas
569 2298 740 2335 solamen
768 2296 874 2335 erat?

275 2381 410 2421 Verba
430 2381 759 2431 ‚miseramque
785 2391 1014 2419 accessus
1040 2379 1100 2419 ad
1123 2390 1287 2418 aurem
1306 2375 1541 2427 Coniugis

171 2445 351 2485 orbati'
385 2444 648 2485 Marklandus
690 2456 734 2484 se
768 2456 847 2483 non
889 2443 1120 2494 intellegere
1154 2442 1285 2483 fassus
1320 2441 1405 2482 iure
1439 2439 1544 2481 male

279 2571 304 2613 ¹)
329 2571 470 2611 Quaest.
494 2570 641 2604 Statian.
663 2573 754 2612 part.
776 2571 802 2603 Ι.

276 2625 304 2665 Ἰ)
328 2624 386 2657 Sic
409 2624 672 2666 Grasbergerus
696 2625 728 2663 (l.
754 2635 781 2656 c.
805 2635 837 2665 p.
861 2623 935 2665 776)
957 2623 1130 2665 restituit3
1153 2622 1250 2656 libri:
1273 2620 1500 2664 ,planctus'.
