1744 2973
891 185 943 223 44

337 314 646 353 Baehrensio
682 316 820 352 contra
853 312 988 353 arrisit
1015 315 1173 364 ‚veri',
1206 313 1313 364 quod
1347 317 1481 353 tamen
1514 327 1603 366 par-

229 377 353 417 ticula
373 376 539 427 ,Nunc'
558 388 637 415 non
665 375 793 414 minns
820 374 1054 416 dissuadere
1071 375 1240 428 videtur,
1267 388 1386 426 quam
1413 377 1602 428 temporis

231 440 451 490 quamlibet
492 438 614 478 aliam
655 438 997 488 significationem.
1060 438 1212 486 Quodsi
1243 442 1454 491 praeterea
1479 440 1601 480 'vocis

232 503 394 554 ‚veris‘
436 502 588 542 formae
629 505 669 540 et
709 504 877 540 naturae
923 502 1221 553 ambiguitatem
1265 500 1601 554 perpenderimus,

230 566 472 606 adiectivum
497 564 652 616 ,vivis'
682 576 872 605 revocare
898 564 1139 618 frondesque
1165 568 1345 605 recentes
1371 564 1603 616 intellegere

230 641 310 668 non
337 628 619 668 dubitabimus.
675 627 762 674 Quo
797 628 904 667 facto
940 628 1101 679 ,vivae
1136 627 1348 668 frondes'
1384 631 1424 667 et
1451 628 1601 679 ,volu-

232 704 362 732 crum
406 691 519 731 novi
564 691 796 742 questus'
843 691 1003 742 egregie
1048 692 1124 732 sibi
1168 690 1475 744 respondebunt.
1542 692 1600 733 Cf.

231 755 418 807 Calpurn.
447 754 569 794 Sicul.
596 754 691 794 Buc.
721 754 805 794 Ecl.
835 754 869 794 V
896 754 967 794 98:

350 847 360 866 ,
370 818 500 867 Incipe
528 818 628 855 falce
656 830 786 855 nemus
815 819 891 855 viv
901 830 923 854 a
933 831 950 855 s
959 830 1033 866 que
1060 818 1231 855 recidere
1258 819 1299 855 fr
1307 830 1329 856 o
1338 831 1362 855 n
1372 818 1396 855 d
1405 830 1427 855 e
1436 818 1478 857 s.'

231 879 356 920 Theb.
385 880 482 920 VIII
507 880 603 920 298:

548 945 749 993 ‚geminas
775 956 868 1004 ergo
894 945 1002 981 ilicet
1028 956 1113 981 aras

446 972 711 1034 Arboribus
739 997 868 1033 vivis
896 1001 936 1033 et
962 997 1092 1034 adulto
1121 997 1267 1046 cespite
1294 998 1375 1034 texi

446 1049 652 1098 Imperat3'

231 1111 280 1149 cf.
316 1110 412 1149 ibid.
448 1111 505 1150 VI
546 1111 636 1150 259.
698 1110 813 1150 Ovid.
851 1111 945 1150 Met.
981 1110 1036 1149 IV
1071 1111 1121 1149 39
1164 1114 1204 1150 ct
1239 1111 1333 1162 7933
1374 1112 1472 1150 XIV
1507 1113 1602 1165 7133

230 1174 330 1213 XIII
358 1173 453 1213 891:

370 1237 417 1285 ‚V
426 1238 439 1273 i
448 1250 472 1273 v
482 1250 504 1273 a
513 1249 587 1286 que
613 1249 683 1287 per
709 1238 824 1274 rimas
852 1249 1089 1290 proceraque
1117 1239 1237 1288 surgit
1263 1250 1286 1274 a
1297 1251 1315 1274 r
1324 1251 1346 1275 u
1355 1251 1379 1275 n
1388 1238 1411 1275 d
1422 1239 1470 1276 o.'

229 1299 401 1339 Martial.
430 1299 486 1338 Vl
512 1300 577 1350 49,
604 1299 648 1349 43
677 1299 795 1350 Verg.
824 1299 968 1350 Georg.
996 1299 1037 1338 H
1063 1300 1125 1339 27.

792 1564 852 1608 IV
886 1565 929 1619 6,
964 1563 1040 1609 45.

230 1649 276 1684 V.
293 1650 362 1685 43:
392 1648 495 1696 ,Hoc
523 1649 648 1698 spatio
676 1652 753 1684 tam
782 1660 919 1696 magna
945 1647 1055 1686 brevi
1082 1648 1281 1685 mendacia
1307 1648 1469 1686 formae!

387 1699 479 1746 Quis
507 1702 640 1739 modus
668 1702 707 1738 in
734 1701 882 1749 dextra,
911 1705 1051 1750 quanta
1079 1701 1317 1751 experientia
1343 1702 1446 1739 docti

388 1754 559 1791 Artificis
587 1755 714 1791 curis
741 1755 885 1803 pariter
912 1755 1123 1803 gestamina
1150 1766 1304 1791 mensae

387 1807 552 1856 Tingere
579 1811 618 1843 et
644 1809 817 1856 ingentes
845 1808 971 1844 animo
1000 1819 1154 1844 versare
1182 1807 1391 1845 colossos!'

335 1890 484 1930 Vocem
512 1890 695 1941 ,curis'‚
731 1902 834 1940 quae
867 1902 1171 1940 unumquenque
1204 1889 1276 1930 hos
1303 1902 1441 1930 versus
1468 1890 1599 1941 legen-

229 1957 309 1993 tem
336 1965 579 2005 magnopere
597 1953 742 2004 turbat,
769 1964 840 1993 suo
868 1952 953 1992 iure
970 1952 1295 1993 Marklandus
1321 1952 1383 1993 his
1410 1953 1451 1992 in
1477 1952 1602 2005 suspi-

230 2017 383 2057 cionem
417 2020 553 2057 vocat:
598 2016 690 2067 ,Vix
723 2015 808 2056 fieri
842 2019 992 2068 potest,
1032 2020 1076 2055 ut
1110 2016 1168 2055 ita
1202 2016 1405 2068 scripserit
1432 2016 1600 2067 Statius3

229 2080 377 2132 quippe
413 2080 526 2120 deest
561 2079 765 2131 epitheton
792 2082 859 2118 τοῦ
888 2079 1132 2130 ‚mensae'‚
1160 2078 1268 2129 quod
1294 2078 1535 2131 respondeat
1562 2082 1601 2118 et

229 2148 452 2196 opponatur
487 2143 541 2196 τῷ
578 2143 826 2195 ‚ingentes
861 2142 1100 2183 colossos’
1135 2142 1176 2182 in
1211 2142 1338 2183 altero
1380 2143 1601 2183 sententiae

228 2207 423 2247 membro:
465 2206 540 2246 hoc
580 2205 718 2246 modo:
764 2206 931 2258 ,pariter
970 2205 1121 2257 fingere
1160 2205 1383 2257 gestamina
1417 2217 1603 2258 parvae

229 2282 392 2310 mensae
433 2273 473 2309 et
512 2281 674 2310 versare
715 2270 847 2309 animo
888 2269 1121 2320 ingentes
1155 2269 1368 2310 colossos.’'
1421 2268 1601 2318 Accedit,

229 2332 335 2383 quod
365 2332 566 2373 ablativus
601 2332 734 2372 verbis
774 2331 1126 2385 praecedentibus:
1168 2336 1373 2383 ,quanta
1408 2331 1603 2385 experi-
1648 2377 1652 2381 ,

230 2396 366 2436 entia
411 2395 547 2435 docti
599 2395 847 2435 artificis'
901 2394 1111 2435 adiunctus
1155 2408 1235 2435 non
1278 2394 1396 2436 modo
1441 2405 1601 2447 prorsus

228 2458 379 2498 inutilis
408 2462 469 2498 est
497 2462 537 2498 et
571 2470 910 2510 supervacaneus,
952 2457 1023 2497 sed
1059 2457 1218 2498 dicendi
1251 2458 1446 2498 rationem
1481 2457 1601 2498 etiam

228 2520 409 2573 putidam
435 2521 707 2572 tumidamque
733 2520 866 2561 reddit
893 2520 1178 2572 Statianaeque
1205 2521 1431 2573 elegantiae
1458 2518 1603 2561 foedis-

229 2585 328 2624 sime
364 2585 571 2625 obtrectat.
633 2586 772 2635 Itaque
807 2596 1066 2636 quaecunque
1101 2597 1179 2624 vox
1215 2585 1287 2625 sub
1321 2584 1396 2624 isto
1434 2581 1601 2635 ,curis’
