1744 2973
437 303 826 367 Sententiae
863 305 1348 364 controversae.

879 486 910 527 Ι.

314 560 478 611 Dionys.
506 560 636 600 Halia
663 559 823 611 Antiqq.
859 560 969 601 Rom
1005 560 1025 599 1
1054 558 1121 598 15:
1159 558 1301 612 ταύτην
1328 558 1399 611 (sc.
1426 556 1575 610 imvm)
1639 538 1646 576 Ι
1731 529 1733 538 ’

209 654 341 663 .....
360 623 635 676 περιείρξαντες
661 622 794 675 κύκλῳ
822 623 1058 676 στέμμασι
1091 635 1158 662 του
1186 621 1333 674 μηδένα
1359 622 1412 674 τῷ
1439 620 1576 674 νάματι

207 685 387 748 πελάζειν
428 686 571 740 ἄβατον
610 685 878 739 φυλάττουσιν·
922 698 1060 726 vocem
1100 684 1287 738 πέμμασι
1329 684 1576 725 verissimam

205 749 448 801 minimeque
474 750 707 791 mutandam
735 762 823 791 esse
849 753 989 791 contra
1015 748 1198 790 Smitium
1226 744 1434 789 contendo.

870 855 922 894 Π.

313 928 415 969 Ibid.
450 928 510 967 111
546 929 567 967 7
596 928 786 968 librorum
818 927 1027 968 memoria:
1069 930 1205 980 μακρῷ
1232 926 1283 966 δέ
1315 939 1405 967 τινι
1436 926 1510 967 τῶν
1537 925 1577 974 ἐξ

208 990 450 1043 ἀνθρωπίνου
477 990 662 1043 λογισμοῦ
689 989 1092 1043 καταλαμβανομένων
1117 989 1301 1042 χαλεπῶν
1326 988 1376 1029 τὰ
1395 988 1576 1042 δαιμόνια

209 1059 353 1107 σημεῖα
381 1085 390 1094 .
420 1083 429 1093 .
460 1082 471 1094 .
500 1083 510 1091 .
537 1052 795 1106 χαλεπώτερα
827 1052 1007 1107 γινόμενα
1033 1052 1181 1105 πολλὴν
1208 1051 1577 1105 δυσθυμίανπαρεῑι-
1625 1084 1627 1086 .

208 1117 259 1169 χέ
286 1131 350 1167 μοι
375 1118 444 1156 καὶ
470 1116 690 1169 ἀμηχανίαν
716 1130 795 1157 11011
823 1120 896 1168 eet,
924 1129 994 1157 cur
1020 1119 1203 1156 mutetur.

858 1221 931 1261 111.

314 1292 418 1334 Ibid.
450 1294 511 1333 ΙΠ
548 1293 597 1333 14
636 1294 761 1334 verba
800 1297 1003 1346 corrupta:
1042 1292 1296 1346 τεκμαίρομαι
1334 1291 1409 1346 γάρ
1448 1305 1589 1340 τινας-

208 1357 291 1396 καὶ
317 1355 427 1408 παρ’
456 1355 561 1409 ὑμῖν
587 1356 734 1409 ἐχρῆν
761 1358 843 1409 μὲν
876 1356 1075 1404 πολλοῖς
1103 1357 1196 1398 εἶναι
1222 1357 1296 1398 τῶν
1322 1349 1576 1413 ἀντιποιουμέ·

209 1433 283 1460 νων
310 1418 461 1472 ἀρετ-ῆς,
481 1418 610 1472 ὥσπερ
635 1421 703 1459 καὶ
719 1418 808 1472 παρ’
823 1418 1017 1473 Ἀλβανοῖς
1035 1420 1093 1460 sic
1111 1418 1423 1469 emendaverim:
1450 1433 1483 1459 τ.
1501 1417 1577 1472 γάρ

209 1497 336 1530 τινας
363 1484 444 1522 καὶ
470 1481 579 1534 παρ’
610 1479 715 1535 ὑμῖν
741 1506 792 1512 --
820 1483 968 1535 ἐχρῆν
991 1482 1085 1536 ’μὴν
1111 1482 1320 1531 πολλοὺς
1345 1507 1397 1513 —-
1424 1483 1530 1524 εἶναι.

864 1587 931 1628 IV.

314 1660 417 1701 Ibid.
445 1661 501 1700 XI
528 1660 552 1699 5
587 1660 690 1701 hunc
723 1662 936 1701 verborum
970 1661 1148 1702 ordinem
1181 1662 1365 1719 scriptori
1399 1660 1577 1704 vindico:

210 1725 278 1763 καὶ
317 1723 351 1763 εἰ
389 1723 501 1763 τοῦτο
542 1725 669 1777 μανεὶς
710 1722 731 1763 ὃ
764 1724 886 1777 δῆμος
918 1719 1103 1777 ὑπομείνῃ
1138 1724 1216 1773 (vel
1255 1724 1468 1778 ὑπομενεῖ),
1509 1724 1578 1766 ὅτι

209 1786 323 1826 πάλιν
357 1786 426 1838 τὴν
460 1782 580 1838 αὐτὴν
614 1785 848 1826 κατάστασιν
875 1787 999 1839 ἔχετε,
1041 1789 1121 1826 καὶ
1155 1787 1196 1826 εἰ
1229 1787 1395 1828 δίκαια
1428 1787 1577 1846 ταῦτα

209 1848 401 1900 δόξωσι,
440 1847 610 1890 κωλύετε
643 1848 787 1902 λέγειν,
823 1848 949 1891 ὁπόσα
984 1850 1161 1904 βούλεταί
1186 1864 1240 1899 τις
1273 1849 1369 1904 ὑπὲρ
1405 1851 1473 1904 τῆς
1506 1865 1577 1910 πα-

207 1912 343 1965 τρίδος.

871 1965 918 2006 V

313 2038 441 2078 Tacit.
460 2039 605 2079 Annal.
625 2038 645 2078 I
661 2039 715 2078 20
732 2038 814 2089 legi
840 2039 994 2079 malim.
1023 2037 1200 2092 ,Quippe
1216 2016 1342 2091 Rufus
1368 2040 1437 2081 diu
1455 2052 1577 2087 1118111·

208 2101 399 2154 pularis.
429 2132 438 2142 .
470 2134 477 2141 .
507 2132 517 2141 .
546 2102 751 2153 antiquam
778 2099 997 2152 duramque
1032 2101 1213 2144 militiam
1240 2093 1474 2158 revocabat,
1507 2104 1577 2144 ni—

208 2165 329 2204 mius
357 2164 508 2215 (intus
536 2164 624 2205 cod.
642 2165 697 2215 M)
725 2164 856 2216 operis
884 2176 933 2205 ac
959 2164 1109 2205 laboris
1134 2169 1175 2206 et
1193 2178 1240 2207 eo
1256 2166 1455 2219 immitior,
1483 2167 1577 2218 quia

210 2227 476 2268 toleraverat!

862 2280 930 2320 VI.

312 2352 414 2393 Ibid.
434 2353 454 2392 I
471 2352 541 2392 41:
572 2351 707 2404 ,Quod
734 2356 816 2394 tam
843 2353 983 2393 triste?
1010 2353 1179 2396 feminas
1206 2353 1392 2396 inlustres
1411 2384 1573 2396 ......

208 2416 306 2456 nihil
333 2416 615 2469 imperatoriae
641 2417 776 2456 uxoris
803 2421 873 2457 aut
909 2417 1119 2459 comitatus
1154 2418 1281 2459 soliti:
1322 2430 1489 2470 pergere
1522 2419 1577 2470 ad

207 2480 402 2519 Treveros
430 2483 469 2519 et
496 2482 685 2520 externae
712 2478 841 2530 fidei3’
876 2483 967 2532 post
1000 2493 1142 2522 nomen
1180 2482 1410 2533 ,Treveros'
1437 2493 1576 2522 vocem
1618 2489 1621 2492 '

210 2542 406 2599 ,socios’
439 2542 582 2583 insero.
