1744 2973
880 167 905 207 3

206 304 405 356 indulget3
440 305 559 345 immo
593 304 668 345 hac
696 317 739 345 re
765 310 900 346 nostro
928 304 1088 356 quidem
1115 304 1203 345 loco
1232 303 1376 344 erroris
1403 302 1575 355 suspicio

206 378 296 407 mea
322 370 501 417 augetur.

311 430 499 471 Normam
539 442 632 469 vero
674 432 942 483 corruptelae,
990 443 1093 482 quae
1133 431 1174 470 in
1214 442 1311 471 voce
1352 429 1573 481 ,castris’

205 493 323 543 latet,
364 492 639 544 expediendae
672 494 918 534 verissimam
951 494 1085 545 posuit
1117 492 1463 543 Marklandus,
1506 493 1574 542 qui

205 555 283 597 loci
311 556 546 597 sententiam
573 556 635 597 his
662 556 978 611 comprehendit:
1008 557 1175 610 ,Caesar
1200 557 1242 597 in
1269 560 1436 597 externa
1463 555 1572 596 bella

205 620 324 660 facile
356 620 655 672 impellebatur,
690 624 732 660 tu
765 625 904 661 contra
931 620 1005 660 das
1032 633 1172 672 pacem
1200 621 1326 660 Cattis
1353 619 1573 670 Dacisque:

206 682 326 722 etiam
359 682 401 721 in
437 682 571 722 civilia
603 686 643 723 et
676 683 895 723 domestica
929 695 1017 722 cum
1044 683 1233 734 Pompeio
1262 687 1302 722 et
1328 682 1480 722 Catone
1505 682 1575 721 ille

204 745 434 798 prolapsus3
462 757 565 796 quae
592 746 625 786 si
652 749 695 786 tu
714 746 918 797 gessisses,
947 746 1050 786 ultro
1077 745 1136 785 illi
1155 745 1227 786 tibi
1256 748 1295 785 et
1321 745 1399 785 tuis
1418 745 1575 796 legibus

204 820 248 849 se
275 808 562 848 submisissent.
616 808 741 849 Deest
766 808 887 860 igitur
913 808 966 861 τῷ
1002 808 1177 860 ,leges'
1215 807 1434 860 epitheton,
1469 806 1575 858 quod

204 872 366 912 mitem
383 872 652 913 Domitianum
679 871 895 925 praedicet.
941 872 987 911 In
1014 871 1090 912 hoc
1117 871 1221 911 enim
1249 875 1354 911 totus
1373 870 1437 911 hic
1456 871 1574 911 Statii

203 939 384 976 versatur
418 935 546 988 locus,
582 939 625 975 ut
659 936 818 988 probet,
854 938 1046 986 quantum
1080 934 1212 975 mitior
1246 934 1367 974 armis
1401 934 1574 974 Caesare

203 998 475 1040 Domitianus!
528 1000 715 1040 Attamen
747 999 823 1040 hoc
857 999 1100 1052 postulatum
1135 1010 1248 1039 suum
1276 1001 1319 1038 ut
1346 998 1573 1039 coniectura

205 1062 395 1115 ,iustas’
424 1076 449 1104 a
477 1064 663 1104 Cruceo
691 1063 785 1104 olim
804 1064 964 1116 prolata
978 1063 1174 1116 expleret,
1202 1062 1286 1102 viro
1315 1061 1572 1113 sagacissimo

203 1139 282 1166 non
322 1127 450 1177 magis
491 1140 609 1178 quam
651 1127 741 1168 aliis
782 1127 947 1179 contigit
986 1126 1165 1167 medelas
1201 1127 1323 1166 multo
1359 1125 1575 1166 deteriores

202 1190 525 1241 proponentibus,
553 1190 663 1229 velut
687 1191 804 1230 Dan.
823 1190 1028 1230 Heinsio
1059 1190 1304 1241 ,nostras',
1332 1189 1574 1229 Bursiano

205 1253 426 1303 ,castas',
479 1253 662 1305 Hopfio
709 1253 774 1304 ,in
818 1253 954 1305 leges
999 1253 1128 1293 iuret
1170 1264 1322 1303 gener
1367 1255 1412 1292 et
1457 1252 1575 1292 Cato

204 1315 387 1355 castas’
414 1316 478 1356 vel
504 1315 704 1367 ,cedat'‚
731 1315 1009 1356 Schradero
1027 1316 1052 1366 ¹)
1077 1315 1297 1366 ,castra’,
1325 1314 1575 1355 Baehren-

204 1378 277 1418 sio
307 1379 498 1430 ,pacis’,
526 1379 914 1432 Grasberger02)
952 1379 1164 1430 ‚tristis',
1211 1378 1256 1419 Ο.
1293 1377 1575 1426 Muellero³)

204 1440 253 1491 ,G
262 1453 287 1481 a
295 1444 311 1480 t
320 1440 398 1481 tis’
427 1440 723 1481 conicientibus.

308 1504 487 1555 Longum
515 1507 575 1544 est
602 1504 780 1555 singulas
798 1503 871 1544 has
891 1504 1139 1545 coniecturas
1166 1504 1367 1555 refellere3
1394 1503 1437 1543 id
1455 1515 1574 1543 unum

203 1571 335 1607 tamen
354 1567 450 1607 mihi
467 1567 606 1619 paucis
623 1567 889 1619 perstringere
906 1567 1040 1619 liceat,
1068 1580 1187 1618 quam
1211 1567 1317 1607 male
1334 1567 1573 1607 Muellero

204 1631 428 1672 emendatio
457 1630 702 1671 successerit.
748 1630 852 1671 Nam
870 1633 913 1670 ut
941 1629 991 1670 de
1019 1630 1185 1670 molesto
1204 1642 1344 1670 vocum
1363 1634 1429 1682 ,et
1451 1630 1573 1671 Cato

204 1695 382 1735 Cattis'
417 1706 513 1734 sono
549 1698 725 1745 taceam,
758 1706 875 1734 versu
910 1694 1111 1746 superiore
1139 1694 1227 1746 ipso
1255 1694 1361 1734 Catti
1389 1698 1479 1734 sunt
1506 1695 1573 1734 ab·

203 1758 333 1809 soluti,
362 1770 461 1809 quos
488 1758 667 1810 proximo
687 1769 803 1798 versu
830 1758 871 1797 in
899 1758 1236 1810 comparationem
1263 1770 1452 1798 revocare
1471 1758 1573 1798 adeo

201 1821 299 1860 nihil
327 1821 452 1873 cogit,
484 1825 528 1861 ut
554 1821 742 1873 superbia
768 1825 976 1872 tumorque
1002 1822 1268 1862 Romanorum
1296 1833 1456 1873 prorsus
1484 1834 1570 1873 pro-

202 1882 376 1936 hibeant,
400 1884 546 1936 quippe
564 1884 631 1934 qui
650 1884 753 1924 tales
772 1884 929 1935 fuerint,
948 1888 992 1924 ut
1011 1885 1288 1925 celeberrimos
1307 1885 1365 1923 rei
1383 1885 1570 1936 publicae

203 1946 309 1987 viros
346 1951 385 1986 et
417 1947 677 1998 imperatores
711 1950 874 1987 externo
914 1947 1029 1988 hoste
1061 1947 1216 1988 abiecto
1251 1947 1458 1988 inferiores
1494 1947 1573 1988 dici

202 2021 454 2060 nequaquam
469 2010 554 2062 pati
566 2015 740 2061 possent.
776 2011 915 2061 Neque
930 2011 1102 2052 solitudo
1117 2012 1388 2063 comparativi,
1408 2008 1574 2052 minor’

202 2073 328 2114 virum
381 2073 652 2114 doctissimum
704 2074 920 2116 sollicitare
971 2074 1169 2126 debebat,
1233 2087 1321 2115 cum
1374 2075 1574 2116 ablativus

205 2136 512 2188 comparativus,
532 2149 648 2187 quem
667 2137 881 2189 desiderat,
901 2149 951 2177 ex
969 2138 1101 2178 verbis
1120 2142 1185 2188 ,te
1206 2138 1348 2189 signa
1366 2138 1572 2178 ferente’

203 2199 255 2239 sit
289 2198 546 2252 repetendus,
588 2213 665 2251 quo
700 2200 806 2241 facto
843 2200 1087 2253 comparatio
1128 2213 1284 2252 quoque
1322 2202 1412 2254 ipsa
1451 2202 1574 2241 multo

202 2261 358 2314 dignior
384 2263 520 2314 reique
547 2264 675 2316 magis
700 2264 1001 2305 accommodata
1027 2265 1215 2318 nascitur,
1235 2279 1322 2306 cum
1340 2268 1475 2317 partes
1494 2265 1574 2306 bel-

202 2325 332 2367 lantes
359 2326 472 2379 ipsae
499 2327 602 2368 inter
628 2340 672 2368 se
699 2332 996 2380 componantur.

309 2474 335 2517 ¹)
356 2475 400 2509 M.
422 2475 565 2518 Hauptii
588 2475 715 2518 Opusc.
737 2476 789 2510 111
810 2486 844 2519 p.
869 2477 940 2511 131.

306 2529 334 2571 ¹)
356 2529 575 2563 Fleckeiseni
598 2540 676 2563 ann.
699 2542 732 2564 v.
757 2527 852 2565 CXV
873 2542 907 2574 p.
930 2532 1003 2565 419.

308 2583 338 2624 ⁸)
357 2583 480 2617 Electa
502 2582 671 2626 Statiana,
694 2595 726 2626 p.
754 2585 802 2618 10.
823 2585 939 2619 Berol.
965 2584 1056 2618 1882.
