1744 2973
868 206 919 247 34

202 335 350 375 tionem
378 335 596 386 quamlibet
624 334 676 375 ad
704 335 823 376 istam
850 339 1095 388 spectantem
1114 336 1252 377 latere.
1264 337 1289 386 ¹)
1329 336 1469 386 Itaque
1495 346 1575 375 non

205 399 331 439 solum
360 398 644 439 Marklandi
671 399 797 450 ipsius
833 402 1113 440 commentum:
1157 400 1227 451 ‚Et
1261 400 1371 440 cuius
1404 397 1573 450 (quoius)

204 462 315 502 saevi
350 461 595 502 ferierunt
630 462 861 502 Maenala
901 462 1121 515 planctus‘,
1162 463 1231 513 qui
1265 474 1460 513 quaenam
1496 460 1575 501 ista

203 524 334 564 herois
376 525 573 565 Arcadica
615 525 734 564 fuerit
776 525 963 577 ambigit,
1003 530 1165 578 propter
1205 526 1369 566 nimiam
1395 523 1575 565 mutandi

204 587 406 628 licentiam
434 588 732 639 sententiaeque
760 589 1041 629 obscuritatem
1069 588 1385 642 repudiabimus,
1426 587 1497 629 sed
1523 599 1574 628 ne

204 651 477 691 Koestlinii
492 651 521 703 ²)
551 651 711 702 quidem
739 653 1019 703 coniecturam,
1047 653 1115 702 qui
1140 652 1368 693 Marklandi
1395 651 1574 691 mutatio-

204 713 320 753 nibus
359 715 540 766 probatis
581 715 762 755 omnibus
802 716 1066 755 Atalantes
1107 719 1270 767 questus
1311 719 1351 755 et
1389 715 1574 766 planctus

205 789 293 816 esse
326 778 616 829 intellegendos
658 782 810 830 censet,
852 779 977 831 pluris
1011 779 1224 831 faciemus,
1265 791 1353 819 cum
1386 777 1574 818 Atalante

203 853 283 879 non
311 853 336 880 a
371 842 579 892 coniuge
607 842 671 880 vel
700 845 857 881 amato
892 854 964 882 suo
992 842 1110 881 fuerit
1137 842 1347 893 derelicta,
1380 853 1483 892 quae
1509 852 1574 879 res

204 904 282 943 loci
316 904 442 944 nostri
476 904 707 944 condicione
734 906 960 945 necessario
996 905 1256 957 efflagitatur,
1297 904 1370 945 sed
1402 918 1428 945 a
1462 903 1574 943 filio

202 966 518 1018 Parthenopaeo.

308 1039 461 1079 Eadem
495 1040 579 1080 fere
615 1041 835 1080 coniciendi
868 1041 934 1081 via
968 1042 1210 1094 perobscura
1238 1039 1571 1086 Duebnerus³)

204 1107 264 1143 est
288 1103 504 1155 ingressus,
533 1103 600 1154 qui
619 1116 691 1155 pro
709 1105 842 1145 verbis
870 1105 943 1156 ,Et
970 1105 1271 1156 quamquam'
1299 1104 1418 1145 scribi
1436 1103 1577 1144 maluit

205 1179 349 1206 nomen
378 1167 707 1215 ‚Acmoniam⁷.
763 1167 879 1214 Quod
915 1168 1086 1219 denique
1120 1168 1173 1208 ad
1201 1167 1452 1218 Queckii⁴)
1488 1166 1572 1206 Im-

205 1229 452 1281 hofiique⁵)
480 1230 558 1269 loci
585 1230 873 1282 interpretandi
900 1231 1093 1271 rationem
1120 1231 1273 1282 attinet,
1301 1230 1367 1281 qui
1396 1242 1574 1281 ‚quam-

204 1293 362 1341 quam'
391 1305 416 1331 a
441 1292 672 1343 pronomine
701 1293 992 1342 ‚quisquam'
1019 1294 1084 1332 vel
1112 1293 1367 1343 ,quisquis’
1396 1292 1575 1331 derivan-

207 1354 301 1393 dum
328 1367 545 1405 versusque
571 1355 623 1393 49
651 1355 888 1395 sententiam
915 1356 979 1395 vel
1014 1356 1072 1395 sic
1100 1354 1419 1406 concipiendam:
1456 1358 1515 1405 ,et
1541 1353 1574 1393 si

206 1429 324 1466 quam
360 1417 481 1456 aliam
516 1429 678 1456 uxorem
714 1418 824 1456 saevi
850 1418 1035 1469 planctus
1062 1417 1262 1457 maenada
1288 1416 1483 1456 fecerunt’
1511 1416 1574 1455 vel

204 1479 266 1519 his
307 1479 645 1531 complectendam
690 1492 777 1519 esse
816 1485 995 1520 censent:
1039 1485 1099 1532 ,et
1139 1491 1414 1531 quamcunque
1453 1478 1575 1519 aliam

204 1555 340 1582 amore
367 1542 573 1582 ardentem
601 1543 711 1583 saevi
739 1543 924 1594 planctus
951 1544 991 1582 in
1019 1543 1191 1583 furorem
1218 1543 1430 1594 dederunt,
1465 1542 1574 1582 velut

202 1605 411 1656 Didonem,
446 1605 720 1657 Laodamiam,
747 1606 980 1658 Alcyonam‚
1008 1606 1134 1658 alias,’
1168 1606 1265 1646 mihi
1289 1602 1449 1658 quidem
1476 1605 1576 1646 eius-

205 1667 313 1707 modi
348 1668 507 1707 dicendi
539 1680 665 1718 genus
700 1669 1043 1719 languidissimum
1081 1674 1121 1709 et
1153 1682 1178 1708 a
1206 1669 1323 1709 Statii
1350 1668 1508 1719 ingenio
1536 1672 1576 1706 et

204 1730 464 1782 componendi
500 1730 692 1771 facultate
727 1737 808 1771 tam
845 1732 1018 1772 alienum
1052 1731 1226 1784 videtur,
1268 1737 1311 1772 ut
1344 1744 1406 1771 me
1441 1732 1576 1772 absur-

205 1794 371 1833 ditatem
398 1794 578 1844 pluribus
606 1795 762 1845 aperire
789 1795 952 1846 pudeat.

308 1867 591 1907 Verumtamen
617 1880 689 1907 nos
717 1868 940 1919 exemplum
968 1867 1131 1918 aliquod
1158 1867 1286 1908 tribus
1304 1868 1385 1907 illis
1403 1866 1575 1919 superio-

202 1931 312 1969 ribus
352 1930 698 1970 accommodatum
738 1930 1044 1980 investigantes,
1090 1943 1166 1980 quo
1208 1930 1401 1970 Claudiae
1441 1929 1575 1969 uxoris

202 1992 301 2032 fides
329 1992 450 2032 etiam
477 1993 605 2044 magis
633 1993 869 2043 illustretur,
905 2005 1002 2032 voce
1039 1993 1322 2044 ,maenada',
1357 2005 1437 2043 qua
1463 1992 1575 2031 nulla

201 2061 262 2096 est
301 2057 450 2107 verior,
496 2056 548 2097 ad
591 2056 692 2096 duas
738 2056 922 2095 heroides
962 2068 1214 2107 revocamur,
1260 2068 1363 2106 quae
1403 2056 1454 2095 ab
1495 2068 1573 2095 uno

310 2182 335 2223 ¹)
368 2181 457 2214 Huic
480 2182 674 2214 sententiae
703 2181 746 2214 M.
770 2181 971 2214 Hertzius
996 2190 1135 2223 quoque
1157 2181 1391 2223 adstipulatus
1414 2183 1485 2221 est,
1515 2180 1574 2223 qui

200 2235 283 2268 illud
317 2234 597 2278 ‚quamquam'
631 2234 871 2278 dittographia
902 2237 1016 2268 ortum
1050 2244 1128 2268 esse
1156 2237 1256 2268 ratus
1284 2243 1426 2268 versum
1454 2234 1495 2267 49
1524 2234 1575 2267 ita

199 2289 452 2321 restituendum
468 2288 619 2321 censuit:
645 2289 705 2330 ,Et
728 2299 850 2331 quam
867 2288 992 2330 (vael)
1009 2289 1123 2322 saevi
1146 2287 1306 2322 fecerunt
1321 2288 1491 2321 maenada
1506 2287 1574 2331 pl.,’

199 2342 276 2374 coll.
320 2342 425 2383 Verg.
454 2341 574 2383 Eclog.
603 2342 654 2373 IX
687 2341 745 2374 28:
780 2342 939 2383 ,Mantua
972 2341 1067 2375 vael
1103 2342 1251 2375 miserae
1285 2341 1423 2374 nimium
1457 2341 1574 2374 vicina

199 2393 409 2427 Cremonae’
437 2396 472 2426 et
495 2393 579 2426 Silv.
603 2394 636 2426 V
657 2394 687 2435 2,
711 2394 762 2425 65.

305 2447 332 2487 ²)
356 2446 478 2479 Philol.
502 2446 571 2478 vol.
596 2446 747 2479 XXXVI
769 2456 802 2487 p.
830 2446 899 2480 180.

308 2500 332 2542 ³)
356 2499 409 2533 Cf.
432 2499 568 2532 Duebn.
593 2499 674 2533 edit.
698 2499 816 2533 adnot.
841 2500 886 2533 ad
908 2499 940 2533 h.
964 2511 997 2533 v.

304 2554 331 2590 ⁴)
354 2554 446 2586 Edit.
469 2552 580 2595 praef.
603 2563 683 2595 pag.
706 2554 799 2586 XXI.

308 2606 333 2648 ⁵)
355 2606 408 2639 De
432 2605 515 2639 silv.
540 2605 589 2639 St.
613 2606 713 2640 cond.
738 2607 812 2639 crit.
836 2616 869 2648 p.
893 2606 942 2639 33.
