1744 2973
890 190 942 230 52

228 318 468 367 ,magnus'
496 317 667 368 denique
694 318 897 359 sollemnis
924 319 1089 370 epitheti
1115 319 1365 370 imperatoris
1383 320 1470 359 viee
1487 321 1595 371 apud

228 378 401 420 Statium
427 379 615 433 fungitur,
643 380 686 421 id
712 380 819 433 quod
846 379 991 422 docent
1016 381 1113 423 Silv.
1131 380 1193 422 III
1213 382 1248 435 1,
1266 382 1337 435 623
1362 382 1424 424 ΠΙ
1440 382 1478 434 3,
1500 382 1594 435 1833

227 443 269 483 II
295 443 333 494 5,
360 443 433 495 273
466 444 502 483 V
532 445 567 495 1,
603 445 690 484 164.
744 444 841 485 Inde
876 445 1070 497 sequitur,
1104 450 1148 486 nt
1179 446 1479 487 Baehrensii-
1505 458 1595 487 con-

227 505 382 547 iectura
407 518 500 558 ,ma
507 508 662 559 gnum'
689 507 753 548 vel
780 519 852 560 per
878 520 923 548 se
940 507 1030 561 ipsa
1056 508 1108 549 sit
1132 507 1395 561 repudianda,
1421 512 1594 562 praeter-

228 580 348 619 quam
382 569 490 621 quod
524 570 722 612 artissime
756 583 846 611 cum
880 572 1009 612 altera
1047 571 1275 613 coniectura
1308 573 1595 625 ,praestat’,

227 644 308 683 qua
335 632 600 674 Baehrensius
627 634 817 675 traditum
852 635 1057 687 ,pulsat'
1092 635 1239 676 frustra
1272 636 1497 688 temptavit,
1534 648 1596 677 co-

227 695 377 736 haeret.
430 696 695 738 Nihilominus
728 698 770 738 in
805 697 921 739 codd.
955 697 1146 738 memoria
1180 698 1383 750 ,pulsat'
1417 711 1497 740 non
1531 711 1595 740 ac-

228 759 495 812 quiescemus,
535 760 654 801 immo
687 759 982 801 Marklando
1017 760 1296 812 assentiemur,
1331 761 1399 812 qui
1431 762 1594 801 verbum

227 822 449 875 pulsare,
477 822 584 875 quod
602 823 696 864 vim
714 827 754 864 et
771 823 1065 865 violentiam
1083 823 1256 875 denotet,
1274 824 1594 876 propellendi

227 885 558 936 significationem
590 886 755 927 induere
788 890 859 927 aut
892 899 981 927 cum
1016 886 1299 939 ‚indulgentia’
1334 886 1444 938 iungi
1477 899 1596 940 posse

228 952 336 989 recte
362 953 496 1001 negat,
549 950 753 1001 Exemplis
787 950 839 990 ab
875 950 962 1002 ipso
997 950 1150 1000 allatis,
1187 949 1329 1000 quibus
1362 950 1596 1002 pulsandi

228 1013 393 1052 verbum
420 1026 445 1053 a
479 1013 557 1053 loci
591 1013 717 1053 nostri
743 1013 940 1053 sententia
966 1024 1128 1065 prorsus
1155 1012 1369 1053 abhorrere
1395 1012 1594 1064 docemur,

230 1074 392 1116 adicere
418 1075 539 1117 liceat
565 1075 661 1116 mihi
688 1076 808 1117 haec:
836 1075 872 1115 V
890 1076 927 1127 3,
946 1076 997 1116 69
1025 1079 1065 1116 et
1090 1075 1128 1128 5,
1148 1075 1218 1127 783
1245 1075 1280 1116 V
1310 1076 1346 1127 1,
1373 1074 1443 1128 223
1470 1075 1595 1117 Theb,

227 1138 286 1177 VI
311 1138 408 1190 2283
436 1138 534 1179 VIII
560 1140 659 1191 6183
686 1139 768 1178 XII
794 1139 866 1190 503
893 1138 1036 1179 Achill.
1064 1139 1105 1178 H
1131 1138 1194 1177 31.

332 1201 657 1243 Marklandus
683 1214 777 1243 vero
796 1202 882 1255 ipse
900 1201 1069 1255 primum
1097 1201 1290 1255 ,poscit'
1309 1201 1596 1243 restituendum

228 1266 453 1318 proposuit3
493 1278 724 1319 perperam:
766 1278 859 1306 nam
902 1265 1176 1317 indulgentiae
1211 1265 1368 1305 omnino
1402 1265 1502 1305 nihil
1526 1270 1597 1306 -est

226 1341 316 1369 cum
342 1329 572 1382 postulandi
598 1340 772 1369 munere.
816 1328 929 1369 Idem
946 1328 1007 1368 vir
1034 1328 1175 1369 doctus
1200 1331 1410 1380 praeterea
1427 1329 1596 1369 coniecit

229 1392 441 1444 ,pergit’.
503 1392 589 1440 Quo
624 1392 746 1433 verbo
780 1391 866 1432 sine
900 1391 1020 1432 dnbio
1056 1391 1278 1432 sententiae
1310 1391 1471 1442 egregie
1506 1404 1595 1432 con-

226 1453 387 1506 sulitur,
429 1454 523 1506 quia
559 1454 784 1495 constantia
818 1457 858 1494 et
892 1453 1189 1506 perseverantia
1222 1456 1436 1507 praecipue
1472 1454 1513 1495 in
1539 1455 1594 1495 in-

227 1517 458 1568 dulgentiae
497 1517 659 1558 laudem
698 1517 864 1568 cadunt,
910 1516 953 1556 id
998 1516 1104 1567 quod
1147 1529 1226 1556 non
1270 1517 1398 1558 solum
1441 1518 1595 1559 ratione

227 1580 431 1631 evincitur,
459 1579 532 1619 sed
559 1580 679 1619 etiam
706 1579 825 1619 Statii
851 1579 976 1631 ipsius
1003 1579 1102 1619 locis
1129 1578 1301 1619 duobus:
1328 1580 1348 1618 Ι
1373 1579 1412 1631 2,
1442 1580 1534 1620 174:

385 1643 512 1693 ,Hunc
539 1647 579 1681 et
604 1643 664 1682 bis
693 1655 804 1680 senos
832 1642 905 1692 (sic
932 1643 1230 1692 indulgentia
1257 1647 1425 1692 pergat

385 1696 577 1733 Praesidis
605 1695 781 1742 Ausonii)
809 1707 941 1732 cernes
969 1695 1147 1732 attollere
1174 1695 1298 1732 fasces
1309 1696 1338 1743 3'

229 1757 513 1810 &wem

284 1821 356 1870 ,At
383 1826 436 1872 tu,
465 1823 497 1859 si
524 1822 629 1871 longi
657 1833 807 1859 cursum
835 1821 941 1858 dabit
968 1820 1136 1871 Atropos
1165 1821 1251 1858 aevi

282 1875 447 1924 (Detque
473 1874 643 1924 precorl)
671 1874 891 1923 Latiique
919 1874 1050 1911 ducis
1079 1874 1116 1910 si
1146 1874 1332 1911 numina
1358 1878 1576 1925 pergent,

281 1928 458 1965 Forsitan
485 1928 675 1965 Ausonias
702 1927 777 1965 ibis
805 1928 955 1964 frenare
983 1926 1183 1964 cohortes.'

229 1989 510 2030 Verumtamen
545 1989 657 2028 verbi
693 1989 891 2040 ,pergit'
927 1988 1085 2028 litterae
1111 1988 1214 2028 iusto
1243 1989 1400 2039 longius
1426 2002 1452 2029 a
1479 1989 1594 2029 codd.

229 2052 408 2104 vestigiis
444 2051 646 2093 recedunt.
707 2050 849 2102 Itaque
885 2050 1069 2102 equidem
1101 2051 1313 2102 ,perstat’
1348 2052 1487 2104 reponi
1520 2052 1595 2093 ins-

229 2116 358 2155 serim.
413 2115 472 2156 cf.
500 2115 616 2155 ovid.
645 2126 695 2154 ex
721 2115 835 2155 Pont.
864 2115 884 2153 I
911 2116 948 2165 4,
975 2114 1047 2153 44:

387 2179 478 2228 ,Ille
505 2179 658 2217 domum
685 2178 797 2224 redit,
825 2190 894 2217 nos
921 2178 980 2215 his
1009 2178 1213 2216 moriemur
1239 2179 1277 2215 in
1306 2179 1420 2229 arvis,

385 2233 667 2270 Perstiterit
693 2233 788 2269 laesi
816 2233 849 2269 si
876 2232 1003 2282 gravis
1030 2233 1102 2268 ira
1129 2231 1230 2279 dei3'

228 2293 325 2334 ibid.
344 2293 400 2334 IV
418 2294 456 2346 6,
486 2294 528 2334 7:
557 2294 777 2346 ,Perstat
804 2294 909 2335 enim
926 2294 1147 2334 Fortuna
1174 2293 1330 2345 tenax3'
1356 2293 1476 2345 Verg.
1494 2294 1593 2335 Aen.

228 2358 263 2397 V
292 2358 387 2397 812:
417 2357 550 2408 ,Nunc
578 2369 734 2407 quoque
751 2369 882 2396 mens
909 2356 1051 2396 eadem
1068 2359 1268 2408 perstat
1285 2355 1402 2395 mihi!
1447 2357 1595 2397 Lucan.

229 2420 264 2459 V
291 2419 390 2468 2103
432 2419 547 2460 Ovid.
576 2432 638 2460 ex.
666 2420 793 2460 Ponto
819 2419 875 2459 IV
903 2419 940 2470 9,
968 2419 1039 2458 92:
1080 2419 1173 2471 ,Ille
1206 2422 1320 2459 vetus
1346 2418 1462 2459 solito
1489 2431 1595 2471 per-

229 2486 331 2523 stat
371 2483 412 2522 in
452 2495 520 2523 ore
560 2483 756 2535 pudor3'
796 2482 915 2522 Trist.
943 2482 999 2521 IV
1037 2484 1070 2534 1,
1098 2483 1174 2533 203
1211 2482 1370 2523 Metam.
1398 2482 1473 2522 XV
1502 2483 1596 2534 1773

228 2545 390 2591 Heroid.
419 2545 555 2586 XVIII
582 2546 672 2586 206.
