1744 2973
870 186 921 227 26

206 312 436 366 ,sponte',
479 312 584 363 quod
619 312 725 352 idem
759 313 862 365 fere,
904 314 976 354 sed
1011 315 1134 354 multo
1170 314 1310 354 fortius
1345 320 1385 355 et
1419 315 1581 365 gravius

205 376 403 427 exprimit,
432 388 649 427 pronomen
677 376 784 414 istud
813 377 954 427 ,ipse'
982 389 1143 428 prorsus
1170 377 1367 428 repudiat.
1421 377 1581 415 Mark-

202 437 343 479 landi
371 442 505 478 autem
524 438 752 478 coniectura
781 439 996 490 ‚sibimet'
1025 439 1127 480 adeo
1154 440 1439 492 probabilitate
1458 443 1580 491 caret,

203 506 247 541 ut
293 514 343 541 ne
390 502 544 542 auctori
589 501 749 552 quidem
800 503 877 554 ipsi
919 504 1130 557 placuerit.
1204 503 1362 543 Grrasb
1373 516 1422 543 er
1431 503 1537 554 geri
1554 503 1580 554 ¹)

203 565 375 615 denique
408 565 610 605 inventum
645 565 760 617 ,sibi
794 569 984 618 usque',
1026 578 1104 618 quo
1141 567 1348 619 ,temporis
1383 570 1581 607 momento

203 629 308 668 elato
337 628 584 679 perpetuitas
611 630 900 680 temperantiae
935 630 1172 682 prematur',
1213 630 1308 669 licet
1341 630 1450 669 haud
1477 630 1582 669 male

203 692 254 730 sit
282 691 564 742 excogitatum,
592 692 682 743 plus
710 705 791 732 una
819 693 973 732 ratione
1000 694 1041 732 in
1070 692 1232 732 dubium
1260 693 1378 732 venit.

140 806 143 808 ,
307 754 405 795 Loci
432 754 553 804 igitur
588 754 863 795 difficultatem
901 760 944 795 ut
979 756 1256 808 expediamus,
1298 756 1581 796 sententiarum

203 818 399 857 rationem
427 818 558 869 ipsam
586 819 812 857 accuratius
839 819 1087 870 perpendere
1116 819 1318 858 debemus.
1359 818 1445 865 Quo
1474 819 1580 858 facto

204 881 281 921 duo
316 882 389 921 illa
425 881 626 920 enunciati
662 882 839 920 membra
881 882 977 932 ‚eui
1013 881 1158 921 dulce
1192 882 1382 922 volenti
1419 882 1579 921 Servi-

202 945 335 984 tium'
364 949 404 983 et
439 945 540 996 ,qui
575 948 749 996 sponte
785 944 881 983 sibi
915 945 1217 996 Imperiosus
1254 947 1375 984 erat’
1406 944 1579 995 quodam

201 1007 318 1048 modo
347 1008 424 1047 sibi
452 1012 491 1047 et
525 1007 766 1060 respondere
802 1011 841 1047 et
876 1009 1022 1060 opponi
1056 1009 1267 1049 verborum
1301 1012 1383 1047 tum
1413 1008 1581 1048 colloca-

200 1072 308 1110 tione
336 1075 419 1111 tum
448 1072 644 1111 sententia
672 1070 877 1110 docemur:
907 1072 998 1111 Ursi
1026 1072 1130 1111 enim
1157 1072 1329 1111 famulus
1356 1084 1435 1111 non
1462 1071 1580 1111 modo

202 1134 406 1173 servitium
433 1135 511 1185 ipsi
538 1134 785 1185 impositum,
820 1134 846 1172 i.
876 1146 909 1173 e.
939 1134 1108 1173 aliorum
1136 1134 1303 1186 imperia
1330 1134 1467 1173 volens
1495 1146 1580 1186 per-

202 1196 359 1236 ferebat
392 1201 652 1248 prompteque
687 1197 998 1248 exsequebatur,
1040 1197 1112 1237 sed.
1146 1198 1289 1236 simul
1325 1197 1444 1236 etiam
1482 1197 1581 1237 sibi

202 1264 378 1311 sponte
419 1260 711 1312 imperabat.
774 1259 946 1298 Proinde
978 1261 1109 1299 versui
1144 1260 1344 1299 laboranti
1384 1260 1579 1300 vocabulo

205 1335 479 1364 succurremus
507 1322 738 1374 inserendo,
775 1335 851 1373 quo
886 1323 987 1363 haec
1015 1324 1236 1363 seutentiae
1263 1323 1365 1363 ratio
1394 1323 1582 1363 efferatur

202 1392 322 1437 atque
350 1386 587 1436 aequalitas,
617 1398 719 1435 quae
749 1386 949 1425 enunciati
976 1387 1157 1437 partibus
1186 1388 1341 1437 subest,
1370 1387 1580 1438 perspicue

202 1450 458 1501 exprimatur.
513 1449 614 1488 Tale
649 1452 783 1487 autem
810 1449 925 1488 nobis
961 1449 1121 1488 offertur
1147 1449 1378 1501 pronomine
1405 1448 1579 1501 ,idem',

204 1513 309 1563 quod
337 1512 562 1564 particulae
591 1512 715 1562 ,que'
743 1512 832 1551 loco
861 1512 1033 1563 positum
1062 1512 1250 1552 amissam
1278 1513 1471 1552 sermonis
1499 1512 1578 1552 ele-

201 1576 381 1626 gantiam
408 1578 571 1615 revocat
599 1574 840 1614 statianam:

478 1639 700 1688 ,hominem,
730 1638 840 1688 Urse,
869 1643 985 1686 tuum,
1015 1640 1075 1675 cui
1104 1640 1214 1676 dulce
1243 1640 1388 1676 volenti

360 1667 578 1739 Servitium,
609 1692 669 1727 cui
697 1692 808 1728 triste
835 1691 941 1741 nihil,
972 1693 1035 1740 qui
1065 1696 1200 1741 sponte
1228 1692 1302 1729 sibi
1330 1693 1451 1729 idem

358 1745 588 1794 Imperiosus
616 1744 722 1781 erat?

306 1808 358 1847 Ut
391 1807 613 1846 litterarum
649 1806 907 1845 similitudine
938 1819 1079 1845 vocum
1119 1806 1311 1846 SIBHDE
1340 1811 1379 1845 et
1407 1804 1576 1852 SIBIQE

200 1870 440 1923 permutatio
481 1869 693 1920 facillima,
735 1870 792 1909 ita
834 1870 954 1909 etiam
996 1870 1238 1921 pronominis
1280 1870 1443 1921 ,idem'
1483 1882 1578 1909 usus

201 1933 542 1984 frequentissimus
577 1932 867 1983 collocatioque
901 1933 941 1971 in
976 1932 1054 1971 fine
1088 1944 1226 1972 versus
1253 1932 1382 1984 poetis
1409 1932 1578 1972 familia—

203 1997 379 2048 rissima,
421 2008 501 2046 qua
534 2007 578 2035 re
613 2007 767 2035 summa
803 2008 891 2035 cum
920 1999 1108 2035 accentus
1134 1996 1175 2035 vi
1201 2007 1265 2036 res
1294 1995 1398 2035 duae
1426 2007 1577 2046 eaeque

201 2060 375 2111 quodam
402 2059 521 2099 modo
544 2059 646 2098 inter
665 2071 709 2099 se
728 2059 952 2099 contrariae
980 2059 1030 2098 de
1057 2072 1135 2098 uno
1156 2059 1373 2110 eodemque
1400 2059 1577 2099 subiecto

201 2123 524 2176 pronunciantur.
580 2122 639 2162 Cf.
667 2122 860 2174 imprimis
887 2122 927 2161 H
955 2123 991 2174 3,
1022 2123 1089 2161 70:

361 2187 507 2232 ‚Idem
536 2188 618 2223 auri
646 2186 771 2223 facilis
800 2190 1040 2235 contemptor
1067 2190 1106 2223 et
1133 2187 1297 2235 optimus
1325 2186 1447 2222 idem

358 2239 520 2277 Comere
548 2239 702 2276 divitias
732 2239 944 2288 opibusque
971 2239 1177 2276 immittere
1204 2238 1352 2276 lucem.'

202 2303 386 2344 Juvenal.
414 2302 474 2341 III
501 2302 590 2341 291.
648 2301 770 2353 ,Nam
798 2301 893 2352 quid
922 2314 1034 2353 agas,
1070 2314 1158 2341 cum
1194 2305 1234 2341 te
1261 2301 1433 2342 furiosus
1460 2306 1578 2353 cogat

201 2371 240 2407 et
280 2366 406 2405 idem
447 2365 646 2405 Fortior‘?’
688 2365 785 2405 ibid.
821 2365 876 2404 IV
913 2365 956 2415 83
996 2365 1050 2404 VI
1088 2366 1181 2416 1123
1217 2365 1313 2403 VIII
1350 2366 1418 2404 79:
1461 2365 1576 2416 ,Esto

199 2432 327 2471 bonus
355 2429 488 2480 miles,
524 2432 629 2468 tutor
665 2429 810 2480 bonus,
846 2428 994 2468 arbiter
1028 2428 1154 2469 idem
1180 2429 1375 2480 Integer3'
1415 2429 1454 2468 X
1483 2430 1578 2481 3313

199 2495 258 2533 XI
286 2495 357 2533 23:

313 2602 334 2641 ¹)
360 2601 395 2632 L.
421 2610 449 2631 c.
473 2609 506 2640 p.
530 2598 603 2630 772.
