1744 2973
897 212 922 251 2

218 338 377 388 longius
412 350 532 388 quam
565 337 618 378 ad
653 338 855 378 saeculum
882 338 957 378 XV
985 338 1161 378 referant
1195 337 1387 388 originem
1416 341 1456 376 et
1482 337 1597 377 mira-

219 400 366 440 bilibus
395 400 629 452 corruptelis
656 400 842 451 vitiisque
876 400 1120 452 redundent,
1156 411 1295 440 vereor
1330 412 1380 440 ne
1407 399 1598 440 memoria

221 463 402 503 codicum
444 464 560 504 nimis
600 464 719 504 anxie
760 468 916 504 retenta
957 465 998 504 in
1044 464 1283 504 contrarium
1324 468 1598 504 convertamur

220 526 377 578 vitium,
426 531 469 566 ut
514 530 657 578 poetae
703 527 852 578 ingenii
902 528 1205 578 elegantiaeque
1258 526 1474 577 quidquam
1534 525 1598 566 de-

221 590 426 631 trahamus
445 593 517 630 aut
533 602 719 631 versuum
748 602 799 630 ex
818 594 996 643 tempore
1024 589 1384 644 componendorum
1412 589 1596 631 facultati

223 658 263 693 et
303 654 577 694 exercitationi
618 655 724 694 bona
763 654 843 694 fide
884 656 1161 695 obtrectemus.
1232 655 1361 701 Quam
1402 654 1599 693 Silvarum

221 716 591 768 perlustrandarum
618 716 735 768 viam,
764 729 843 767 qua
868 716 986 756 Statii
1013 716 1227 757 memoriae
1254 716 1486 768 plerumque
1506 716 1599 756 faci-

222 779 328 819 libus
356 779 578 820 litterarum
607 780 892 820 mutationibus
919 792 1039 830 quam
1075 779 1299 820 artificiosis
1336 779 1601 829 contortisque

221 842 616 895 interpretationibus
643 843 779 895 potius
808 842 1093 883 consulendum
1115 855 1202 884 esse
1221 854 1377 895 censeo,
1406 854 1453 883 eo
1472 842 1601 882 minus

222 906 323 946 inire
351 906 550 958 dubitavi,
586 906 693 957 quod
727 907 900 947 virorum
936 906 1162 958 doctorum,
1197 907 1265 957 qui
1299 910 1390 959 post
1417 906 1549 947 Silvas
1577 918 1602 946 a

222 969 468 1010 Baehrensio
503 969 634 1010 editas
669 969 785 1010 huius
820 970 945 1022 ipsius
983 969 1146 1010 editoris
1175 969 1415 1010 emendandi
1440 969 1603 1010 licentia

222 1033 570 1085 inconstantiaque
588 1038 780 1085 tanquam
800 1034 1003 1085 stimulati,
1022 1038 1066 1074 ut
1080 1034 1339 1085 Grasberger,
1359 1033 1405 1074 Ο.
1421 1033 1603 1084 Mueller,

223 1098 399 1149 Polster,
429 1097 632 1150 Koestlin,
664 1098 749 1150 alii,
778 1098 977 1138 Silvarum
1005 1097 1263 1138 difficultates
1289 1096 1482 1150 plurimas
1510 1108 1599 1138 con-

223 1161 385 1201 iecturis
414 1161 603 1213 expedire
631 1161 884 1211 studuerunt,
924 1162 1083 1202 labores
1118 1174 1280 1213 prorsus
1307 1161 1440 1201 irritos
1467 1161 1602 1212 fuisse,

224 1224 290 1263 vix
319 1224 528 1275 quisquam
558 1223 783 1264 contendet.

811 1461 830 1503 I
869 1461 908 1514 1,
945 1460 1020 1504 28.

226 1543 271 1580 V.
290 1544 355 1580 25:
387 1542 574 1591 ,Discitur
602 1555 624 1580 e
651 1543 771 1591 vultu,
801 1547 982 1592 quantum
1010 1547 1051 1580 tu
1080 1543 1208 1579 mitior
1235 1543 1362 1591 armis,

385 1594 458 1640 Qui
489 1608 560 1633 nec
588 1597 626 1632 in
655 1599 835 1633 externos
865 1597 989 1633 facilis
1018 1597 1169 1633 saevire
1197 1595 1343 1632 furores

384 1648 460 1686 Das
489 1648 611 1686 Cattis
639 1648 833 1698 Dacisque
861 1648 987 1686 fidem.
1017 1652 1056 1686 te
1085 1649 1192 1698 signa
1220 1648 1367 1685 ferente

384 1703 435 1739 Et
462 1703 584 1740 minor
610 1703 648 1739 in
676 1702 782 1752 leges
811 1704 885 1739 iret
916 1714 1032 1752 gener
1060 1706 1099 1739 et
1126 1701 1222 1739 Cato
1251 1701 1456 1740 castris?

331 1775 393 1814 De
419 1775 481 1828 iis,
510 1776 590 1827 qui,
617 1776 729 1815 velut
747 1775 985 1815 Barthius
1015 1779 1053 1815 et
1072 1774 1440 1815 Wernsdorfius
1466 1786 1606 1827 appro-

228 1840 349 1879 bante
377 1837 617 1890 Queckio,
646 1838 978 1891 interpretantur,
1014 1838 1137 1879 verba
1166 1838 1234 1890 ,in
1262 1838 1402 1889 leges
1429 1837 1501 1877 ire
1530 1850 1606 1878 ca-

227 1902 361 1941 stris’
397 1900 504 1940 idem
540 1901 766 1952 significare
801 1904 922 1951 atque
959 1901 1083 1952 ,ultro
1120 1900 1306 1940 castris
1342 1899 1607 1950 decedere,

226 1964 377 2005 bellum
412 1963 614 2016 deponere
650 1968 689 2004 et
716 1964 757 2003 in
785 1964 945 2016 leges,
980 1965 1021 2003 in
1049 1963 1302 2004 condiciones
1337 1963 1449 2015 pacis
1477 1976 1502 2003 a
1529 1964 1607 2003 Do-

226 2028 391 2067 mitiano
427 2028 585 2068 oblatas
623 2027 872 2079 concedere’,
901 2040 980 2078 qua
1007 2027 1334 2079 interpretatione
1367 2026 1476 2067 vocis
1511 2040 1606 2077 ‚ca-

229 2091 362 2132 stris'
392 2090 670 2131 difficultatem
705 2082 914 2131 sustulisse
948 2090 1025 2131 sibi
1058 2090 1260 2143 videntur,
1301 2091 1425 2131 verba
1460 2090 1605 2131 faciam

227 2156 357 2205 nulla,
387 2167 475 2194 cum
503 2154 839 2194 Baehrensius
856 2156 881 2205 ¹)
910 2154 1014 2194 hanc
1042 2155 1249 2195 setentiam
1278 2154 1447 2194 feliciter
1474 2153 1606 2194 redar-

227 2219 370 2269 guerit.

332 2281 473 2332 Neque
502 2280 556 2320 ad
584 2280 773 2320 traditam
802 2281 1038 2333 scripturam
1063 2279 1356 2320 defendendam
1383 2280 1503 2321 ullius
1530 2294 1608 2321 mo·
1648 2285 1650 2287 '

227 2345 349 2385 menti
377 2356 466 2385 esse
494 2356 636 2384 censeo
666 2344 1007 2395 allitterationem,
1044 2357 1163 2394 quam
1198 2347 1364 2395 vocant,
1398 2345 1607 2385 verborum

234 2408 409 2460 ,Cattis
445 2409 565 2448 Cato
601 2407 820 2458 castris’,
863 2408 925 2448 cui
962 2407 1316 2458 Koestlinius2)
1353 2407 1443 2458 plus
1478 2420 1605 2458 aequo

338 2573 361 2613 ¹)
385 2573 471 2606 Mus.
493 2571 603 2605 Rhen.
627 2572 696 2605 vol.
719 2571 866 2605 XXVIII
888 2582 922 2614 p.
946 2572 1019 2605 252.

336 2627 363 2667 ²)
386 2626 507 2659 Philol.
532 2626 600 2658 vol.
625 2625 760 2659 XXXV
782 2625 894 2666 (1876)
918 2636 952 2668 p.
975 2627 1048 2659 501.
