1744 2973
844 192 897 235 50

625 267 649 280 t

183 320 312 363 videri
330 319 432 363 adeo
451 321 626 363 nondum
645 321 776 375 desiit,
803 325 846 363 ut
871 326 1015 376 poetae
1042 322 1213 376 epicedii
1237 321 1387 365 solacio
1413 320 1555 374 dignus

185 391 225 427 et
251 386 435 439 indigens
461 386 675 428 videretur.

289 449 569 491 Emendationi
596 462 710 492 meae
730 450 988 503 plurimorum
1017 450 1193 492 locorum
1211 449 1428 492 similitudo
1446 449 1555 491 favet

184 513 374 565 maxima,
401 516 445 553 ut
470 513 511 553 II
540 514 575 564 1,
601 513 647 552 5:

290 577 405 628 ,Cum
433 578 510 614 iam
538 580 690 628 egomet
717 581 849 615 cantus
879 581 917 614 et
943 577 1061 616 verba
1088 577 1279 615 medentia
1307 578 1431 615 saevis

289 630 467 680 Confero,
496 634 537 668 tu
564 631 784 681 planctus
812 631 1101 680 lamentaque
1128 631 1276 668 fortia
1302 631 1451 668 mavis

289 683 490 733 Odistique
518 684 656 734 chelyn
684 684 907 733 surdaque
934 684 1174 721 averteris
1202 683 1341 723 aure.'

183 745 218 785 V
238 746 276 797 3,
306 747 367 786 17.
409 745 534 785 Theb.
554 746 612 785 IX
641 744 735 797 7233
763 746 842 785 XII
869 746 958 786 200.
999 745 1114 786 Ovid.
1142 758 1192 785 ex
1218 746 1345 786 Ponto
1363 745 1403 785 H
1429 744 1467 796 9,
1484 743 1554 783 25:

363 810 558 859 ,Juppiter
585 811 709 847 oranti
737 810 902 847 surdas
930 810 962 847 si
989 809 1173 859 praebeat
1200 808 1377 857 aures3'

186 871 319 912 Amor.
347 872 407 912 III
436 872 471 923 7,
500 872 569 912 61:
1362 921 1365 926 Ι

289 935 408 985 ,Quid
436 936 553 986 iuvet,
582 936 631 972 ad
659 936 825 972 surdas
853 936 886 972 si
914 939 1043 973 cantes
1071 936 1248 973 Phemius
1276 928 1459 972 aures?'

187 998 289 1039 Ibid.
317 999 337 1038 I
365 999 409 1049 8,
438 999 508 1050 863
544 1010 594 1038 ex
621 998 747 1039 Ponto
775 998 815 1038 II
842 998 884 1050 8,
911 997 982 1050 283
1017 997 1178 1039 Heroid.
1207 998 1284 1038 VH
1311 996 1381 1049 273
1408 996 1555 1037 Tibull.

187 1062 241 1101 [V
272 1062 333 1113 14,
361 1062 407 1113 23
434 1062 614 1114 Propert.
642 1062 682 1101 II
712 1062 772 1112 13,
801 1061 852 1101 36
881 1065 920 1101 et
946 1062 1017 1113 433
1044 1062 1085 1100 Π
1115 1061 1175 1113 16,
1206 1062 1267 1101 13.

756 1295 796 1338 v
830 1295 873 1350 2,
910 1296 985 1339 61.

185 1377 232 1418 V.
250 1381 318 1416 58:
345 1407 511 1427 .....
519 1378 615 1416 Bibe
642 1379 735 1416 talia
762 1381 891 1429 pronis

345 1431 523 1480 Auribus,
551 1432 646 1468 haec
674 1435 820 1469 certent
846 1432 918 1469 tibi
946 1431 1152 1469 conciliare
1178 1432 1398 1481 propinqui,

339 1484 446 1521 Haec
473 1485 614 1521 iterent
641 1485 800 1522 comites
827 1488 1033 1534 praecepta
1061 1496 1246 1533 senesque
1275 1486 1434 1534 paterni.

340 1537 497 1585 Iamque
524 1537 623 1574 alio
650 1537 796 1574 moliris
823 1539 897 1574 iter
924 1549 995 1574 nec
1023 1537 1155 1574 deside
1181 1549 1295 1586 passu

340 1590 401 1626 Ire
427 1601 561 1638 paras,
589 1589 754 1626 nondum
782 1590 934 1626 validae
961 1590 1031 1626 tibi
1059 1590 1167 1639 signa
1193 1590 1371 1626 iuventae

340 1642 535 1692 Irrepsere
561 1642 681 1692 genis,
710 1647 749 1680 et
776 1642 899 1680 adhuc
926 1646 1035 1680 tenor
1062 1643 1209 1692 integer
1236 1642 1347 1680 aevi.'

288 1725 549 1766 Marklandus
585 1726 766 1777 ‚quinam
801 1730 934 1766 essent
968 1738 1004 1765 v,
1033 1726 1085 1765 60
1124 1737 1285 1777 ,senes
1313 1725 1482 1777 patris'
1510 1736 1554 1765 se

184 1801 262 1828 non
294 1788 542 1840 intellegere’
577 1789 708 1830 fassus
743 1788 1017 1841 corrigendum
1051 1789 1258 1841 proposuit
1294 1800 1554 1841 ,senesque

183 1853 404 1904 petenti'.
446 1852 727 1893 Verumtamen
756 1865 826 1893 suo
854 1854 940 1893 iure
966 1853 1206 1893 recentiores
1223 1852 1397 1893 editores
1415 1864 1553 1893 vocem

184 1915 332 1966 ,senes'
370 1914 466 1972 mihi
499 1914 682 1955 videntur
724 1915 844 1967 tueri,
885 1918 1022 1968 utpote
1062 1915 1103 1955 in
1143 1927 1223 1967 qua
1262 1915 1368 1956 illius
1409 1914 1554 1956 aetatis

183 1978 421 2030 scriptorum
466 1979 629 2031 propria
674 1979 781 2019 notio
830 1979 1187 2019 animadvertenda
1232 1979 1294 2019 sit,
1367 1978 1554 2030 ,Senes'

187 2041 292 2081 enim
325 2041 390 2081 vel
424 2041 652 2094 philosophi
685 2042 750 2082 vel
783 2041 1033 2093 grammatici
1061 2040 1262 2094 dicuntur,
1299 2041 1366 2093 qui
1393 2053 1472 2093 qua
1498 2041 1541 2081 fa

185 2104 416 2145 miliaritate
434 2104 625 2145 nobilium
644 2106 914 2146 Romanorum
932 2105 1157 2157 utebantur,
1183 2118 1262 2146 non
1289 2109 1374 2145 tam
1392 2108 1555 2158 propter

184 2168 476 2219 auctoritatem,
505 2181 624 2219 quam
651 2169 759 2209 vitae
780 2172 955 2212 aetatem
973 2167 1210 2219 diuturnam,
1238 2180 1318 2218 qua
1344 2168 1427 2207 fere
1454 2167 1554 2207 frue-

185 2230 343 2282 bantur,
370 2230 474 2271 hanc
501 2231 831 2283 significationem
865 2230 1047 2272 videntur
1074 2233 1290 2284 accepisse.
1344 2230 1485 2282 Itaque
1511 2233 1555 2270 ut

186 2294 427 2345 ‚comites’
472 2294 525 2335 ad
561 2307 645 2335 rem
682 2295 894 2336 militarem
935 2295 1215 2347 publicamque
1255 2297 1455 2347 spectant,
1496 2294 1554 2333 ita

187 2357 365 2408 ,senes'
393 2356 447 2397 ad
475 2361 581 2398 artes
603 2358 838 2410 litterasque
856 2358 981 2411 probe
999 2358 1233 2400 referuntur.
1274 2357 1333 2399 Cf.
1353 2356 1554 2412 Sulpiciae

184 2421 298 2462 Satir.
327 2421 379 2462 43
407 2434 489 2474 seq.

398 2486 482 2535 ,Sic
510 2488 630 2523 nostri
656 2487 788 2536 palare
816 2498 953 2524 senes
982 2487 1166 2537 dicuntur,
1189 2491 1235 2524 et
1261 2488 1335 2536 ipsi

398 2538 451 2576 Ut
478 2539 600 2577 ferale
627 2552 715 2579 suos
744 2552 837 2579 onus
866 2540 1079 2592 exstirpare
1105 2539 1283 2581 libellos.'

184 2600 287 2640 Stat.
317 2601 412 2640 silv.
441 2603 460 2641 1
491 2601 525 2653 1,
556 2603 631 2642 102
660 2607 699 2643 et
725 2604 745 2642 1
772 2604 809 2654 3,
838 2604 901 2643 94.
