1744 2973
227 865 284 932 In
325 890 442 930 Statii
482 889 678 930 Silvarum
719 890 894 929 locorum
935 900 1097 929 numero
1147 901 1300 940 eorum,
1348 888 1498 939 quibusv

126 953 383 994 emendandis
423 953 465 993 in
504 952 580 994 hoc
619 965 707 993 meo
749 964 917 993 excursu
958 952 1094 993 critico
1136 965 1297 1005 operam
1336 952 1493 1002 navavi,

125 1020 284 1069 praeter
300 1017 421 1067 tales,¹
444 1028 541 1067 quos
561 1019 765 1068 corruptos
792 1027 866 1056 nec
893 1016 991 1056 satis
1018 1019 1181 1055 sanatos
1209 1027 1297 1055 esse
1313 1020 1494 1067 apparet,

124 1080 374 1120 inveniuntur
407 1079 605 1131 nonnulli,
644 1083 726 1120 tum
754 1080 821 1131 qui
849 1079 907 1131 (id
939 1078 1046 1130 quod
1076 1079 1116 1119 in
1144 1079 1261 1120 Statii
1288 1078 1408 1119 Silvis
1435 1083 1497 1119 est

126 1142 385 1195 rarissimum)
413 1155 542 1194 neque
560 1143 600 1182 in
619 1142 823 1184 codicibus
850 1143 1054 1183 variantur
1075 1154 1203 1193 neque
1222 1142 1353 1182 adhuc
1370 1154 1495 1192 usque

126 1207 330 1248 doctorum
358 1206 530 1247 virorum
558 1207 823 1260 suspicionem
844 1210 1061 1258 moverunt,
1089 1210 1172 1246 tum
1200 1206 1267 1257 qui
1294 1206 1345 1246 ab
1375 1205 1496 1246 edito-

126 1271 234 1311 ribus
269 1269 627 1322 interpretibusque
662 1270 811 1311 timidis
847 1270 1042 1321 nimisque
1077 1269 1204 1310 cautis
1246 1275 1314 1310 aut
1354 1273 1496 1321 poetae

129 1333 395 1384 qualicunque
422 1332 708 1385 interpretandi
735 1334 889 1373 ratione
915 1332 1108 1373 vindicati
1135 1337 1204 1372 aut
1230 1333 1270 1372 in
1288 1333 1497 1373 verborum

127 1395 270 1437 seriem
304 1396 479 1436 revocati
514 1399 617 1437 sunt.
671 1394 778 1443 Quos
812 1396 906 1437 licet
941 1400 980 1436 et
1013 1396 1100 1448 ipse
1135 1407 1291 1447 quoquc
1325 1394 1497 1446 quodam

127 1458 245 1499 modo
287 1459 480 1511 explicari
515 1472 634 1512 posse
674 1459 823 1511 fatear,
864 1464 996 1500 tamen
1030 1459 1125 1501 viris
1159 1462 1284 1499 artem
1320 1459 1498 1500 criticam

128 1522 401 1563 factitantibus
435 1535 564 1574 neque
600 1523 675 1564 hac
709 1523 751 1563 in
785 1535 828 1563 re
861 1523 982 1575 plane
1010 1521 1341 1574 acquiescendum
1369 1535 1498 1573 neque

127 1586 300 1636 speciem
346 1585 546 1636 quandam
590 1586 885 1637 probabilitatis
929 1586 1174 1626 laudandam
1221 1597 1308 1625 esse
1353 1585 1497 1636 iudico,

127 1648 362 1699 praesertim
402 1648 437 1689 si
477 1648 650 1689 traditae
690 1649 873 1689 lectionis
919 1648 1116 1701 asperitas
1157 1648 1382 1699 duritiaque
1426 1660 1499 1688 nos

128 1710 333 1750 offendant
360 1715 400 1750 et
426 1715 570 1764 poetae
597 1724 692 1752 usus
719 1711 878 1752 dicendi
910 1712 1143 1751 observatus
1177 1711 1499 1762 singulorumque

127 1774 302 1814 locorum
337 1774 552 1815 similitudo
580 1775 794 1828 perspicua
822 1774 1138 1815 emendationem
1166 1786 1333 1825 eamque
1360 1774 1500 1814 facilli-

130 1849 236 1877 mam
285 1838 399 1877 nobis
447 1838 673 1878 obtrudant.
739 1837 974 1889 Quanquam
1021 1839 1279 1890 interpretum
1329 1838 1498 1888 illorum,

129 1899 197 1950 qui
226 1899 420 1941 eiusmodi
447 1901 576 1952 locos,
612 1901 680 1952 qui
706 1901 747 1941 in
774 1900 895 1942 Silvis
923 1904 1015 1941 sunt
1041 1900 1244 1954 permulti,
1281 1899 1335 1940 ad
1362 1900 1499 1940 carmi-

127 1975 221 2003 num
261 1964 534 2004 faciendorum
576 1965 738 2005 nimiam
779 1969 921 2016 poetae
957 1965 1250 2005 festinationem
1292 1976 1412 2014 quam
1446 1963 1500 2003 ad

127 2025 378 2066 librariorum
415 2039 567 2067 errores
602 2028 734 2079 potius
761 2027 990 2068 referendos
1025 2027 1261 2077 minimeque
1288 2026 1501 2066 mutandos

128 2100 216 2134 esse
256 2093 435 2142 censent,
477 2091 713 2130 sententiam
756 2095 796 2130 et
837 2103 910 2142 ego
953 2091 1251 2143 comprobarem
1291 2101 1501 2140 meamque

128 2152 325 2193 Silvarum
360 2153 496 2194 critice
530 2154 828 2195 tractandarum
861 2166 1040 2194 normam
1075 2153 1266 2204 facerem,
1309 2153 1343 2192 si
1378 2153 1500 2192 mani-

128 2214 272 2256 festum
308 2220 534 2269 certumque
569 2222 675 2258 esset
708 2230 843 2259 omnes
878 2217 995 2259 Statii
1028 2217 1189 2269 eclogas
1229 2217 1306 2257 hac
1347 2229 1502 2270 compo-

129 2279 249 2319 nendi
277 2280 504 2333 importuna
532 2282 736 2322 celeritate
764 2293 891 2332 aeque
917 2281 1121 2332 laborare,
1151 2285 1190 2320 et
1218 2281 1252 2321 si
1279 2293 1399 2321 unum
1426 2282 1501 2321 sal-

128 2345 206 2381 tem
236 2343 381 2384 bonum
410 2344 589 2384 codicem
623 2345 687 2384 vel
722 2344 981 2397 archetypum
1011 2344 1124 2384 illum
1152 2344 1400 2395 Poggianum
1427 2344 1503 2384 for-

130 2408 226 2445 tuna
254 2406 368 2446 nobis
397 2407 669 2448 concessisset.
724 2407 805 2448 Sed
833 2420 922 2448 cum
956 2419 1092 2447 omnes
1121 2406 1309 2460 deinceps
1338 2401 1501 2457 eclogae

128 2479 256 2517 neque
283 2468 485 2509 minimum
513 2482 605 2521 eae,
635 2483 754 2522 quas,
782 2470 891 2511 velut
918 2469 1209 2522 Epicedium
1237 2470 1284 2509 in
1311 2473 1500 2522 patrem

129 2542 242 2571 suum
270 2531 320 2583 (V
349 2545 382 2572 c.
411 2532 485 2586 3.)‚
520 2546 545 2574 a
572 2533 700 2574 Statio
734 2533 804 2574 diu
831 2533 1121 2586 diligenterque
1158 2534 1387 2573 elaboratas
1414 2545 1501 2573 esse

130 2598 303 2646 constat,
345 2596 585 2637 foedissimis
622 2598 872 2638 librariorum
907 2598 1108 2638 erroribus
1143 2598 1222 2637 sint
1256 2596 1502 2650 depravatae

129 2660 248 2707 atque
275 2658 367 2698 libri
394 2672 513 2700 manu
541 2661 697 2713 scripti,
733 2661 799 2712 qui
827 2661 958 2701 Silvas
986 2660 1101 2701 nobis
1128 2659 1396 2711 tradiderunt,
1425 2673 1503 2700 non

1300 2736 1308 2766 l
