1744 2973
829 192 880 230 29

168 320 445 357 commovetur.
490 318 631 369 Itaque
648 318 951 359 Burmannus
980 322 1026 358 ct
1051 317 1376 358 Marklandus
1403 330 1439 357 v.
1462 318 1537 357 105

167 392 304 420 vocem
324 381 468 432 ,igne'
487 382 543 421 ita
571 381 813 433 deleverunt,
841 386 885 422 ut
912 382 1013 422 alter
1031 381 1275 422 Baehrensio
1293 380 1537 420 assentiente

168 443 388 484 ablativum
415 446 586 497 ,arce’,
615 445 718 486 alter
745 446 865 496 ,ore'
893 447 935 486 in
960 459 1117 487 versum
1145 446 1348 486 insereret.

269 508 456 549 Attamen
482 509 582 549 haec
610 508 833 560 corrigendi
860 510 973 562 ratio,
1001 522 1081 561 qua
1107 508 1312 550 sollemnis
1339 508 1536 559 Statiique

166 571 348 623 proprius
376 573 574 612 ablativus
605 573 754 623 ,igne'
784 574 1076 624 exterminatur,
1106 586 1194 613 cum
1221 573 1350 612 altera
1376 572 1537 612 insolita

166 637 206 673 et
234 636 283 673 ab
310 646 384 674 usu
412 628 593 675 Statiano
621 635 755 675 aliena
781 635 909 676 forma
936 636 1078 687 ,igni'
1107 640 1296 687 servetur,
1323 635 1537 675 nonnullas

165 696 261 736 mihi
287 697 404 737 affert
423 697 692 739 dubitationes
720 710 868 749 easque
895 711 942 739 eo
969 699 1184 750 graviores,
1214 699 1307 749 quia
1328 702 1536 750 suspectus

165 760 365 800 ablativus
393 761 531 812 ,igni'
564 775 601 801 v.
632 762 710 801 104
740 774 838 802 voce
874 762 1068 813 ,signis'
1103 761 1292 801 facillime
1329 761 1467 801 sarciri
1495 765 1535 800 et

166 822 331 863 alterius
366 824 533 864 ablativi
566 837 661 865 usus
690 837 726 864 v.
757 824 831 864 105
860 824 1017 865 collatis
1044 824 1143 865 locis
1173 824 1362 864 Statianis
1390 824 1486 864 Silv.
1513 824 1533 862 I

168 887 203 936 1,
231 887 275 937 33
309 886 433 927 Theb.
462 887 497 926 V
531 887 628 939 5213
662 888 759 927 VIH
786 886 837 927 29
872 891 911 927 et
945 888 1023 927 469
1059 891 1179 938 atque
1212 888 1362 929 Lucan.
1389 888 1409 927 Ι
1436 888 1533 939 3803

166 949 222 988 VI
246 945 469 1001 4034-405‚
498 951 588 991 aliis
615 951 742 1003 possit
769 951 976 1002 explicari.

271 1011 386 1059 Quod
421 1014 455 1053 si
489 1014 577 1064 quis
611 1018 749 1054 contra
782 1027 872 1054 cum
907 1014 1134 1054 Burmanno
1176 1013 1346 1065 aliisque
1385 1013 1536 1054 faciens

165 1076 354 1117 mutando
390 1077 566 1118 ablativo
594 1078 745 1129 ,igne'
780 1091 815 1118 v.
847 1077 922 1118 105
956 1079 1007 1118 sit
1034 1078 1342 1129 suffragaturas,
1377 1082 1417 1117 et
1441 1078 1536 1129 Bur-

165 1140 300 1181 manni
328 1141 476 1192 ,arce'
504 1145 544 1181 et
570 1140 800 1181 Marklandi
827 1142 944 1193 ,ore'
974 1141 1119 1193 spretis
1152 1140 1300 1193 ,aede’
1328 1141 1534 1181 restituen-

166 1203 260 1243 dum
287 1216 518 1256 proponam.
572 1205 674 1245 Huic
702 1206 806 1245 enim
834 1205 1084 1246 coniecturae
1111 1218 1190 1245 non
1226 1205 1343 1245 modo
1375 1205 1538 1257 palaeo-

165 1266 359 1319 graphiae
399 1268 501 1307 ratio
553 1268 681 1319 favet,
734 1269 828 1319 quia
878 1281 956 1308 vox
1003 1268 1161 1319 ,aede'
1208 1267 1329 1320 (ede)
1374 1273 1536 1320 propter

166 1330 386 1370 litterarum
413 1330 690 1383 praecedentis
723 1332 835 1372 verbi
870 1331 1073 1384 ,crepet’
1101 1330 1400 1372 similitudinem
1427 1331 1537 1372 facil-

133 1413 135 1415 >
165 1393 259 1433 lime
293 1394 479 1435 excidere
515 1399 554 1435 et
587 1396 733 1436 lacuna
768 1395 983 1448 superioris
1008 1407 1147 1435 versus
1173 1396 1369 1436 vocabulo
1398 1396 1537 1447 ,igni'

166 1458 319 1510 expleri
336 1459 476 1511 potuit,
504 1459 576 1500 sed
596 1459 716 1500 etiam
734 1459 840 1511 quod
858 1459 900 1499 in
922 1458 1045 1500 aede
1071 1459 1278 1500 Junonis
1306 1458 1396 1511 ipsa
1414 1458 1537 1500 fuisse

164 1525 363 1562 monetam
381 1522 484 1562 inter
502 1535 637 1563 omnes
657 1526 823 1573 constat,
852 1522 957 1562 unde
976 1522 1054 1562 dea
1073 1534 1291 1573 cognomen
1309 1522 1536 1562 Monetae

166 1585 377 1637 acceperit.
433 1586 490 1626 Cf.
518 1586 604 1626 Liv.
633 1586 689 1625 VI
715 1585 784 1637 20,
824 1585 872 1624 13
908 1591 947 1625 et
974 1585 1051 1624 VH
1078 1597 1112 1625 c.
1139 1585 1210 1637 283
1245 1584 1410 1625 Suidam
1437 1598 1467 1625 s.
1497 1599 1533 1627 v.

163 1647 333 1700 Μονῆτα.

723 1853 783 1896 111
814 1852 858 1907 4,
894 1852 969 1895 40.

164 1939 210 1976 V.
228 1940 294 1976 35:
323 1966 605 1986 ........
608 1937 716 1975 Vade
743 1949 814 1987 age
842 1949 988 1974 mecum

319 1991 428 2028 Vade
454 2003 560 2041 puer,
589 1991 723 2028 ducam
751 1990 897 2028 volucri
924 2002 993 2040 per
1021 1989 1146 2026 sidera
1173 2001 1283 2026 curru

320 2045 468 2081 Donum
495 2046 659 2081 immane
687 2044 792 2091 duci,
820 2055 891 2080 nec
917 2048 956 2080 te
983 2042 1135 2093 plebeia
1163 2042 1365 2080 manebunt

319 2097 429 2133 Jura:
458 2097 633 2133 Palatino
662 2096 824 2132 famulus
852 2096 1003 2134 deberis
1027 2095 1159 2132 amori.

319 2149 384 2186 Nil
412 2161 496 2198 ego,
524 2149 590 2198 nil,
618 2149 753 2198 fateor,
784 2152 864 2185 toto
892 2154 971 2185 tam
998 2148 1108 2185 dulce
1136 2147 1205 2184 sub
1234 2146 1327 2184 orbe

322 2202 400 2238 Aut
426 2202 506 2238 vidi
533 2205 598 2238 aut
625 2202 778 2250 genui.
808 2200 928 2237 Cedat
955 2201 1027 2237 tibi
1054 2200 1222 2237 Latmius
1249 2200 1348 2237 ultro

322 2254 600 2305 Sangariusque
626 2253 737 2305 puer'
766 2258 805 2291 et
832 2265 929 2303 quae
957 2265 1063 2303 seqq.

268 2338 613 2389 Quotienscunque
653 2339 726 2378 hos
765 2350 903 2378 versus
943 2338 1097 2391 perlegi
1137 2342 1256 2389 atque
1291 2338 1531 2388 cogitatione

162 2402 417 2456 pertractavi,
443 2402 575 2442 facere
603 2414 681 2442 non
708 2401 830 2454 potui,
859 2401 952 2453 quin
980 2401 1022 2441 in
1038 2402 1168 2442 'verbo
1196 2401 1378 2453 ,genui’
1406 2401 1532 2441 haesi-

162 2471 287 2506 tarem
306 2466 641 2517 interpretumque
660 2469 700 2505 et
718 2465 942 2505 criticorum
956 2466 1127 2505 virorum
1142 2464 1339 2504 silentium
1355 2466 1532 2505 mirarer.

162 2529 266 2570 Nam
294 2541 382 2569 cum
409 2528 501 2569 huic
528 2530 650 2569 verbo
679 2528 862 2568 mendum
889 2528 1104 2580 pessimum
1132 2528 1294 2567 subesse
1322 2533 1529 2579 appareat,

162 2593 268 2633 viros
312 2592 449 2633 doctos
490 2593 566 2632 nisi
612 2592 792 2632 medelae
831 2592 967 2645 inopia
1008 2591 1272 2644 corruptelam
1318 2591 1531 2632 memoriae
