1744 2973
822 208 869 245 16

153 333 265 373 cuius
284 332 522 385 significatio
543 345 592 373 ac
611 334 757 374 mentio
777 334 817 374 in
837 335 911 375 hoc
930 339 1014 375 toto
1033 334 1243 374 enunciato
1262 335 1524 386 requiruntur.

152 396 325 438 Proinde
369 398 474 438 ultro
520 409 649 447 paene
694 410 737 438 se
781 398 948 439 mutatio
990 399 1136 451 exigua
1175 398 1290 439 nobis
1331 397 1524 439 obtrudit:

154 461 413 514 ,Imposito
443 461 657 513 stratis',
693 474 773 513 qua
800 462 972 515 probata
999 463 1125 504 omnis
1152 462 1413 515 ambiguitas,
1448 462 1527 503 utri

154 526 358 578 proprium
385 529 455 566 aut
481 524 703 566 dormiendi
730 530 799 583 aut
827 526 1098 568 exsuscitandi
1126 538 1266 567 munus
1293 526 1526 579 tribuamus,

152 602 316 641 prorsus
344 593 566 629 evanescet.

259 653 383 704 Huic,
409 665 529 703 quam
556 652 722 704 protuli,
750 652 1018 693 emendationi
1053 653 1371 706 simplicissimae
1407 653 1527 694 etiam

154 719 300 768 poetae
333 716 459 768 ipsius
494 717 636 766 verba,
673 720 713 756 et
746 729 849 767 quae
876 716 1122 769 praecedunt
1149 721 1189 757 et
1215 729 1317 768 quae
1343 717 1449 757 infra
1475 718 1528 757 16-

154 783 312 832 guntur,
341 779 481 819 mirum
509 783 700 831 quantum
727 780 874 821 favent.
926 781 1061 822 Prima
1089 781 1192 821 enim
1219 780 1530 832 interrogatione

154 844 227 883 illa
267 856 303 883 v.
339 844 411 895 56,
453 856 533 894 qua
573 844 724 884 Statius
765 858 790 884 a
831 844 1003 884 delicato
1046 845 1284 897 compellato
1326 844 1380 885 ad
1420 844 1528 885 illius

155 907 292 947 herum
327 907 610 957 alloquendum
645 919 688 947 se
724 908 929 960 convertit,
957 908 1187 960 pronomine
1216 908 1333 958 ‚tua'
1361 905 1529 949 Atedius

154 971 355 1011 inducitur
390 974 510 1021 atque
545 971 724 1023 effertur,
761 972 889 1012 altera
924 984 960 1012 V.
989 972 1040 1012 58
1069 971 1306 1012 accusativis
1334 984 1530 1023 ‚accen-

155 1034 269 1073 sum⁷
311 1038 351 1073 et
396 1034 714 1085 ,timendum'‚
760 1035 878 1074 tertia
920 1047 942 1074 6
983 1035 1211 1074 coniectura
1256 1046 1345 1073 mea
1392 1034 1529 1073 dativo

156 1096 445 1148 ,imposito’,
491 1101 634 1148 quarta
680 1097 851 1148 denique
902 1097 1044 1138 iterum
1089 1097 1223 1137 dativo
1272 1094 1528 1149 ,intranti'.

156 1160 450 1200 Sententiarum
477 1160 597 1211 igitur
624 1161 848 1211 aequalitas
877 1160 1075 1211 quaedam
1101 1161 1263 1201 iamiam
1290 1164 1387 1201 nata
1414 1160 1527 1200 ordo-

156 1235 232 1274 que
260 1223 451 1264 orationis
477 1224 741 1264 membrorum
768 1224 1001 1277 perspicuus
1026 1224 1224 1264 neminem
1251 1223 1414 1275 fugient.

737 1493 777 1535 II
815 1494 854 1546 1,
891 1493 966 1536 67.

262 1586 389 1626 Poeta
417 1596 577 1625 carmen
605 1596 718 1625 suum
745 1585 803 1626 ita
831 1585 1051 1626 continuat:

341 1660 467 1707 ‚Muta
494 1659 639 1708 domus,
668 1660 844 1708 fateor,
872 1660 1111 1708 desolatique
1139 1662 1308 1708 penates,

342 1713 393 1749 Et
421 1713 514 1749 situs
541 1712 580 1748 in
609 1712 785 1749 thalamis
814 1717 853 1750 et
880 1716 1026 1749 maesta
1053 1712 1204 1748 silentia
1232 1710 1387 1747 mensis!

342 1763 441 1809 Quid
469 1765 618 1814 mirum,
646 1768 752 1802 tanto
782 1766 813 1802 si
841 1769 880 1802 te
906 1766 991 1814 pius
1019 1764 1119 1801 altor
1145 1764 1307 1801 honorat

342 1817 536 1855 Funere?'

263 1901 438 1941 Verbum
466 1900 574 1941 istud
600 1914 636 1941 v.
657 1902 705 1940 67
727 1901 926 1953 ,fateor’
945 1899 1191 1951 ineptissime
1218 1899 1407 1940 insertum
1431 1911 1531 1951 esse,

158 1963 488 2006 Marklandus
523 1963 675 2017 primus
714 1969 819 2017 erat,
862 1965 930 2016 qui
963 1963 1262 2015 animadvertit,
1297 1967 1416 2015 atque
1451 1964 1534 2005 fere

161 2041 298 2070 omnes
334 2028 523 2080 deinceps
560 2028 796 2081 interpretes
838 2027 1089 2079 editoresque
1128 2027 1386 2080 posteriores,
1427 2027 1537 2068 velut

161 2094 282 2134 etiam
317 2091 519 2140 Queekius
553 2092 660 2144 ipsc,
694 2092 1001 2144 proprietatum,
1036 2104 1135 2142 quas
1169 2092 1356 2143 putabat,
1391 2091 1537 2132 Statia-

161 2170 302 2197 narum
337 2156 470 2196 fautor
510 2160 550 2195 et
582 2160 773 2208 patronus
800 2167 902 2195 unus
929 2155 1102 2196 omnium
1135 2154 1427 2207 timidissimus,
1462 2155 1483 2195 f
1488 2168 1534 2196 a·

160 2219 299 2260 tendi
333 2219 534 2259 notionem
570 2219 954 2270 affirmationemque
995 2230 1236 2271 magnopere
1276 2218 1364 2258 loco
1398 2222 1532 2259 nostro

160 2284 422 2335 languescere
468 2285 507 2322 et
552 2296 578 2323 a
622 2283 819 2323 sententia
864 2282 1132 2332 orationisque
1177 2282 1330 2323 ratione
1374 2294 1535 2334 prorsus

160 2347 376 2387 abhorrere
418 2350 710 2387 concesserunt.
778 2347 960 2397 Namque
1000 2358 1043 2386 re
1087 2358 1184 2386 vera
1222 2344 1536 2398 Imhofium,¹)

160 2411 228 2462 qui
256 2411 365 2451 solus
393 2409 630 2462 scripturam
658 2410 839 2450 codicum
859 2410 1058 2460 ,fateor’
1077 2409 1289 2460 genuinam
1317 2421 1405 2449 esse
1433 2410 1537 2450 arbi-

160 2478 289 2515 tratur
317 2477 357 2513 et
384 2473 459 2514 hoc
486 2473 649 2513 verbum
678 2473 766 2514 loco
794 2477 928 2513 nostro
957 2472 1161 2513 vindicare
1188 2471 1339 2522 studet,
1378 2473 1537 2513 minime

272 2625 296 2666 ¹)
319 2626 372 2658 De
396 2624 570 2658 Silvarum
595 2598 687 2657 Stat.
707 2624 913 2657 condicione
937 2624 1070 2666 critica,
1094 2623 1203 2656 Hallis
1228 2623 1320 2665 1859,
1344 2633 1424 2665 pag.
1448 2623 1499 2657 27.
