1744 2973
877 186 928 224 42

215 312 322 352 tibus
340 325 365 352 a
384 312 633 352 librariorum
663 312 948 353 consuetudine
975 325 1054 353 non
1081 312 1183 353 adeo
1212 312 1463 364 abhorrebat,
1492 315 1588 365 quin

216 376 382 415 alterum
419 376 583 415 verbum
617 376 839 417 litterarum
873 376 1059 417 ductibus
1092 375 1200 417 haud
1233 376 1291 416 ita
1318 376 1510 417 dissimile
1537 378 1586 418 ir-

219 442 388 491 reperet,
416 439 650 491 praesertim
678 452 767 479 cum
794 440 957 480 verbum
990 453 1112 492 supra
1143 440 1315 492 positum
1349 451 1587 490 ,consum-

219 502 337 553 psit’
364 502 519 541 librarii
546 503 682 542 oculos
701 516 726 542 a
744 503 915 553 genuino
943 504 1067 543 verbo
1088 506 1276 543 avocaret
1294 502 1585 554 depravationi-

217 576 294 615 que
323 566 655 616 ,consurgere'
684 566 861 605 nonnihil
888 566 1052 606 faveret.

775 870 835 913 IV
868 870 913 923 4,
949 870 1024 912 66.

216 962 263 1000 V.
281 964 351 1000 64:
381 993 390 1002 .
420 993 430 1002 .
460 992 468 1000 .
498 963 598 1013 ,Nec
625 963 724 999 enim
752 962 823 1000 tibi
851 962 934 1000 sola
959 963 1126 1012 potentis

378 1016 700 1064 Eloquii⁴virtus2
729 1020 815 1052 sunt
843 1016 1013 1053 membra
1040 1016 1285 1052 accommoda
1314 1016 1424 1052 bellis

376 1067 526 1116 Quique
554 1080 710 1116 gravem
738 1068 874 1104 tarde
902 1068 1061 1105 subeant
1089 1068 1244 1104 thoraca
1270 1068 1420 1104 lacerti:

377 1120 451 1157 Seu
480 1132 614 1169 campo
641 1120 759 1170 pedes
786 1121 842 1157 ire
869 1132 992 1170 pares,
1021 1132 1061 1157 es
1089 1121 1239 1169 agmina
1264 1132 1378 1169 supra

374 1173 583 1210 Nutaturus
610 1185 731 1222 apex,
760 1185 826 1210 seu
854 1173 962 1210 frena
988 1173 1162 1210 sonantia
1188 1173 1319 1210 flectes

375 1225 501 1262 Servit
528 1238 641 1275 asper
668 1226 811 1274 equus?

324 1321 369 1359 V.
398 1320 448 1360 66
484 1324 553 1359 aut
586 1320 732 1360 lacuna
766 1324 835 1360 aut
869 1321 1094 1372 corruptela
1121 1319 1331 1360 manifesto
1360 1323 1420 1359 est
1446 1319 1586 1372 depra-

216 1389 333 1423 vatus
361 1383 756 1433 emendationemque
791 1383 967 1433 aliquam
1002 1382 1209 1434 efflagitat,
1236 1396 1329 1423 nam
1356 1382 1588 1423 adverbium

216 1447 324 1487 istud
353 1446 530 1498 ,tarde'
559 1446 613 1486 ad
641 1446 830 1486 orationis
857 1446 998 1486 laudes
1034 1450 1074 1485 et
1108 1447 1304 1497 ,membra
1330 1446 1588 1487 accommoda

217 1511 350 1550 bellis'
379 1510 540 1549 minime
567 1509 785 1560 quadrare,
821 1510 1001 1560 eclogam
1035 1510 1138 1549 hanc
1174 1510 1242 1560 qui
1274 1509 1461 1561 legerint,
1497 1522 1585 1550 con-

215 1574 400 1612 sentient.
454 1573 669 1623 Lacunam,
698 1584 816 1622 quam
849 1573 1012 1612 subesse
1039 1572 1270 1612 Barthins
1297 1573 1587 1624 suspicabatur,

215 1636 273 1676 ita
300 1635 463 1688 explere
489 1638 657 1675 conatus
685 1638 764 1687 est,
799 1639 843 1674 ut
875 1634 1110 1686 ,intarde’
1144 1635 1209 1675 vel
1243 1634 1392 1687 ‚haud
1425 1635 1586 1677 tarde'

218 1699 470 1740 scribendum
504 1700 582 1740 sibi
618 1698 889 1751 persuaderet.
944 1698 1025 1739 Sed
1043 1699 1186 1740 ·forma
1219 1699 1463 1741 adverbialis
1498 1700 1587 1751 ,in-

214 1763 372 1803 tarde‘
407 1767 569 1815 propter
599 1762 641 1801 id
668 1762 798 1814 ipsum
825 1762 1050 1815 spernenda
1077 1762 1252 1813 videtur,
1287 1762 1393 1813 quod
1427 1763 1479 1803 ab
1512 1776 1587 1804 usu

213 1826 406 1867 sermonis
432 1826 546 1866 latini
573 1838 734 1878 prorsus
761 1825 959 1866 abhorret.
1012 1826 1192 1866 Alterum
1219 1830 1352 1867 autem
1378 1826 1581 1868 inventum

215 1889 477 1928 Barthianum
510 1889 659 1939 ,haud
695 1889 873 1939 tarde’,
915 1889 1155 1928 emendandi
1193 1889 1347 1928 ratione
1382 1890 1480 1929 satis
1513 1890 1585 1929 vili

215 1956 365 2002 natum,
394 1950 501 2002 quod
529 1964 554 1990 a
580 1951 887 1991 Baehrensio
922 1952 1130 1991 verborum
1157 1951 1415 2003 perpetuitati
1442 1955 1502 1991 est
1528 1952 1584 1991 in-

213 2019 381 2066 sertum,
417 2019 499 2054 tum
534 2015 875 2067 palaeographiae
907 2027 1048 2066 pamm
1075 2014 1197 2055 habet
1223 2015 1587 2067 commendationis,

212 2082 295 2117 tum
324 2090 368 2117 re
396 2078 673 2129 sententiaque
700 2078 779 2117 loci
805 2078 894 2130 ipsa
913 2077 1150 2117 destituitur.
1194 2077 1366 2117 Litotete
1393 2078 1496 2117 enim
1515 2079 1588 2117 illa

215 2141 393 2181 admissa
420 2154 499 2181 non
526 2141 654 2181 solum
689 2140 849 2182 dicendi
882 2153 1007 2192 genus
1042 2140 1158 2181 nimis
1193 2141 1434 2192 languescit,
1474 2154 1586 2194 prae—

210 2204 346 2244 sertim
383 2217 470 2244 cum
515 2204 710 2244 subeundi
742 2205 907 2244 verbum
941 2204 1132 2244 adverbio
1166 2204 1285 2244 facile
1319 2208 1474 2255 careat,
1515 2204 1588 2243 sed

213 2268 333 2306 etiam
372 2267 584 2318 ,lacerti'
621 2271 660 2306 et
692 2270 855 2318 propter
889 2267 1104 2318 superioris
1137 2279 1275 2306 versus
1302 2266 1587 2317 aequalitatem

214 2334 253 2369 et
286 2328 503 2369 secundum
540 2333 664 2369 totam
700 2333 907 2381 poetarum
941 2330 1049 2369 illius
1085 2330 1230 2369 aetatis
1262 2341 1447 2368 versuum
1483 2341 1584 2369 com-

210 2392 484 2445 ponendorum
518 2392 732 2442 rationem,
774 2391 976 2444 epitheton
1009 2391 1172 2442 aliquod
1206 2392 1341 2442 utique
1381 2392 1585 2442 requirunt

212 2455 334 2506 idque
362 2468 412 2495 ea
438 2455 600 2496 notione
621 2455 858 2507 praeditum,
887 2467 967 2506 qua
993 2467 1071 2495 non
1098 2459 1180 2496 tam
1208 2455 1392 2496 celeritas
1410 2455 1584 2496 thoracis

209 2518 422 2570 induendi,
459 2532 578 2570 quam
613 2518 800 2571 portandi
834 2518 1006 2558 facultas
1039 2531 1128 2558 cum
1155 2522 1312 2558 artuum
1339 2518 1585 2558 formositate

212 2582 423 2622 coniuncta
463 2582 663 2622 efferatur.
716 2581 889 2623 Proinde
930 2581 1071 2621 eadem
1111 2593 1176 2621 res
1216 2582 1348 2622 obstat
1389 2581 1455 2632 (de
1495 2581 1587 2623 aliis
