1744 2973
865 190 912 229 12

302 317 402 357 Vide
430 319 529 369 iam,
566 331 684 369 quam
720 318 883 369 elegans
918 321 1106 358 nascatur
1141 318 1338 358 sententia
1374 331 1570 370 quamque

195 381 429 434 splendidus
457 383 566 423 color
592 381 790 435 poeticus!
845 381 1063 422 Mercurius
1090 382 1219 434 lyram
1245 394 1448 434 sonoram,
1475 383 1571 423 licet

195 445 430 487 adversetur
471 450 510 486 et
555 449 766 499 repugnet,
812 445 1027 497 reprimere
1073 450 1112 485 et
1156 444 1341 485 cohibere
1385 459 1411 486 a
1450 450 1570 497 poeta

195 509 363 549 iubetur.
426 510 513 549 Hae
555 508 833 551 emendatione
873 508 1120 549 assiduitatis
1161 507 1360 559 studiique
1401 509 1570 549 canendi

195 572 317 623 notio,
345 585 464 623 quam
493 576 532 612 et
559 572 766 624 superiora
793 572 865 611 illa
899 571 1113 622 ,lassata
1140 572 1326 612 totiens
1353 572 1568 611 numina⁷

195 639 234 675 et
262 636 470 686 sequentia
498 647 680 685 ,regem
710 635 892 675 fessum
919 635 1170 675 Elicuisse
1197 635 1338 676 satis'
1368 634 1567 686 exhibent,

195 698 351 739 mediae
392 711 548 750 quoque
589 698 810 740 sententiae
850 698 1055 750 ingeniose
1095 698 1329 751 impertitur.
1388 698 1569 749 Accedit,

195 762 303 813 quod
340 767 379 802 et
413 763 602 802 Politiani
638 761 862 802 emendatio
900 762 987 812 ,Tu
1023 774 1213 812 quoque
1241 762 1386 801 muta’
1414 765 1453 801 et
1482 761 1569 802 cod.

193 825 319 867 Paris.
349 826 546 878 scriptura
575 825 758 877 ,Tuque
786 824 1003 867 inimica'
1032 837 1121 865 mea
1149 825 1377 865 coniectura
1395 823 1568 875 quodam

192 889 309 928 modo
356 890 638 938 conciliantur,
684 901 772 927 oum
813 900 932 937 quam
976 888 1097 927 facile
1141 888 1269 927 altera
1314 888 1354 926 in
1400 888 1569 927 alteram

193 955 349 1003 partem
366 964 390 991 a
409 963 505 991 vera
523 950 732 991 memoria:
762 950 947 1001 ,Tuque
966 949 1138 990 invita’
1159 949 1366 990 discedere
1383 949 1570 1002 potuerit,

192 1015 232 1053 in
260 1015 473 1068 propatulo
502 1014 564 1054 sit.

297 1076 598 1127 Emendationi,
635 1088 754 1127 quam
782 1075 899 1116 modo
928 1076 1094 1129 protuli,
1130 1076 1335 1116 innumera
1363 1078 1568 1128 poetarum

195 1140 330 1181 favent
359 1141 556 1193 exempla,
584 1140 693 1179 velut
719 1140 780 1179 III
811 1139 844 1191 l,
877 1139 968 1178 112:

354 1233 521 1253 .....
532 1205 615 1253 ipse
643 1204 757 1240 adero
787 1208 825 1240 et
854 1205 1053 1241 conamina
1081 1208 1185 1241 tanta
1212 1204 1351 1241 iuvabo

352 1257 577 1307 Asperaque
605 1256 791 1292 invitae
818 1256 1049 1306 perfringam
1079 1257 1226 1293 viscera
1254 1256 1436 1293 terrae?

193 1320 330 1359 Horat.
368 1320 496 1359 Carm.
533 1321 551 1356 1
591 1319 657 1367 18,
697 1318 763 1356 11:
807 1318 912 1368 ,Non
948 1330 1021 1369 ego
1057 1322 1116 1370 te,
1150 1317 1321 1358 candide
1357 1319 1567 1369 Bassareu,

192 1383 406 1422 Invitum
435 1381 677 1432 quatiam.⁷
733 1381 848 1421 ovid.
877 1382 1010 1421 Amor.
1038 1382 1098 1420 III
1125 1381 1161 1432 9,
1189 1382 1258 1421 23:

380 1445 566 1495 ‚Aelinon
594 1446 632 1482 in
661 1446 767 1482 silvis
795 1446 897 1483 idem
925 1450 1044 1496 pater,
1074 1447 1238 1484 Aelinon
1266 1447 1353 1482 altis

377 1500 525 1535 Dicitur
552 1499 709 1535 invita.
737 1500 975 1536 concinuisse
1002 1500 1132 1548 lyra.'

189 1561 341 1601 Heroid
369 1561 466 1600 VIII
493 1560 536 1600 5:
568 1559 702 1611 ,Quod
722 1560 845 1612 potui,
874 1562 994 1613 tenui,
1022 1573 1073 1601 ne
1099 1574 1178 1601 non
1206 1561 1363 1601 invita
1390 1560 1567 1600 tenerer.’

191 1625 284 1665 Met.
322 1625 397 1664 VII
434 1625 494 1664 19.
549 1624 728 1676 Propert.
756 1625 812 1664 IV
850 1626 884 1675 1,
914 1625 982 1665 75:

455 1716 662 1737 ......
675 1700 831 1725 aversus
861 1689 1002 1738 Apollo

454 1742 630 1778 Poscitur
657 1742 812 1778 invita
840 1742 958 1780 verba
985 1743 1149 1792 pigenda
1176 1743 1297 1792 lyra'

193 1805 288 1845 ibid.
316 1805 377 1844 III
404 1803 442 1854 5,
470 1804 539 1843 66:
583 1803 654 1854 ,Et
681 1803 794 1854 niger
821 1804 1030 1844 invitam
1065 1805 1188 1844 traxit
1214 1804 1346 1845 hiatus
1374 1805 1566 1854 aquam!

192 1868 250 1908 Cf.
280 1870 490 1919 praeterea
525 1866 625 1906 Stat.
654 1865 779 1906 Theb.
808 1866 884 1905 VII
914 1866 988 1906 158
1017 1870 1057 1907 et
1090 1867 1186 1906 VIII
1213 1867 1290 1906 548
1319 1871 1358 1906 et
1383 1866 1442 1906 IX
1470 1867 1566 1918 8913

192 1931 331 1971 Horat.
367 1930 451 1970 Art.
487 1932 593 1982 poet.
628 1929 727 1980 4673
768 1929 893 1981 Epist.
932 1930 952 1970 Ι
986 1930 1049 1980 20,
1089 1931 1156 1981 16;
1197 1930 1312 1970 Mart.
1347 1929 1387 1969 H
1422 1931 1485 1981 86,
1521 1930 1566 1981 83

191 1993 363 2033 Phaedri
390 1993 445 2032 IV
474 1993 511 2043 3,
540 1993 585 2042 93
614 1993 753 2032 Senec.
783 1992 945 2043 Thyest.
975 1993 1053 2032 565
1082 1997 1121 2033 et
1147 1993 1262 2033 Herc.
1291 1993 1382 2032 Fur.
1411 1992 1499 2033 676.

774 2189 793 2232 Ι
828 2189 871 2242 6,
912 2188 982 2233 15.

297 2272 344 2310 V.
373 2272 438 2307 12:
470 2269 679 2319 ,Quidquid
708 2272 836 2309 nobile
864 2272 1031 2309 Ponticis
1060 2273 1206 2309 nucetis

470 2324 657 2360 Fecundis
686 2325 788 2361 cadit
815 2329 881 2362 aut
907 2326 1004 2375 iugis
1032 2325 1202 2373 Idume33

469 2375 578 2421 Quod
607 2378 722 2414 ramis
751 2378 814 2425 pia
841 2379 1028 2426 germinat
1055 2378 1274 2427 Damascos,

467 2429 520 2465 Et
548 2429 647 2477 quod
676 2431 876 2478 percoquit
903 2431 1071 2468 ebosia
1098 2442 1288 2479 caunos,

467 2482 600 2531 Largis
629 2483 834 2532 gratuitum
861 2483 964 2520 cadit
991 2483 1156 2533 rapinis?

295 2544 498 2585 Imhofii
552 2544 777 2584 emendatio
830 2558 901 2597 pro
954 2549 1141 2598 corrupta
1192 2557 1290 2585 voce
1343 2547 1563 2596 ,cannos’

191 2623 228 2650 v.
268 2608 317 2648 15
357 2620 501 2649 nomen
541 2608 744 2661 proprium
792 2609 1019 2660 ,Caunos'
1067 2609 1310 2651 restituentis
1350 2610 1564 2653 admodum
