1744 2973
849 189 899 229 21

272 317 421 364 ‚Midae
449 318 578 365 gazis
608 320 647 354 et
672 318 779 367 Lydo
809 319 955 356 ditior
982 331 1114 368 auro,

268 370 408 407 Troica
436 373 475 406 et
500 369 720 419 Euphratae
747 383 888 421 supra
916 372 1186 409 diademata
1213 373 1356 420 felix,

268 420 389 467 Quem
417 433 505 458 non
533 422 742 471 ambigui
771 423 946 473 fasces,
974 436 1049 461 non
1077 425 1218 462 mobile
1245 424 1428 473 vulgus,

267 474 353 512 Non
380 473 534 524 leges,
562 486 636 512 non
664 478 824 513 castra
851 480 992 525 tenent,
1021 479 1084 526 qui
1112 482 1307 528 pectore
1335 488 1499 526 magno

268 527 485 576 Spemque
512 532 763 576 metumque
791 529 982 577 domas‚'

189 591 227 627 et
255 600 315 640 ea,
344 600 447 638 quae
474 592 707 639 sequuntur:

346 652 578 702 ‚Exemptus
607 653 695 690 fatis
723 654 1143 703 indignantemque
1170 656 1372 704 repellis

344 705 615 753 Fortunam3
644 706 799 743 dubium.
826 718 936 755 quem
964 719 1038 744 non
1065 709 1102 743 in
1131 708 1280 744 turbine
1307 721 1430 745 rerum

345 758 566 807 Deprendet
592 771 769 808 suprema
795 760 888 808 dies,
917 760 982 796 sed
1012 760 1118 796 abire
1144 766 1315 809 paratum

344 810 404 847 Ac
429 811 617 860 plenum
646 812 784 860 vita,'

187 873 276 913 luce
304 873 451 913 clarius
479 873 711 925 ostendunt,
739 886 816 925 quo
846 874 976 914 animo
1005 887 1161 926 quaque
1188 880 1318 915 mente
1346 876 1463 915 fuerit
1490 876 1557 915 ad-

186 948 323 976 versus
357 936 536 977 fortunas
572 942 611 977 et
646 950 710 977 res
744 938 927 990 publicas
964 942 1004 977 et
1037 939 1134 978 belli
1161 939 1350 991 pacisque
1377 939 1557 979 honores.

186 999 359 1040 Proinde
385 1000 537 1041 Pollius
564 1013 675 1053 spem
703 1005 928 1052 metumque
963 1001 1170 1054 domabat,
1212 1015 1291 1043 non
1326 1003 1419 1054 quia
1451 1003 1557 1043 vitiis

187 1067 273 1102 erat
306 1076 456 1103 vacuus
492 1065 674 1104 omnibus
715 1067 833 1114 (quae
869 1069 908 1104 et
942 1077 1013 1116 per
1046 1078 1088 1105 se
1129 1066 1307 1116 profecto
1343 1066 1557 1105 admodum

186 1126 286 1166 mira
305 1130 412 1166 esset
429 1126 733 1178 argumentandi
760 1127 862 1167 ratio
884 1131 923 1167 et
942 1128 1075 1179 digna,
1104 1141 1207 1179 quae
1232 1128 1557 1181 impugnaretur),

185 1189 257 1229 sed
292 1190 385 1240 quia
420 1191 521 1230 liber
555 1194 642 1229 erat
669 1191 884 1231 ambitione
912 1192 1081 1242 aliisque
1109 1192 1404 1244 cupiditatibus.
1459 1192 1558 1231 Inde

186 1253 306 1293 etiam
347 1254 543 1304 sequitur,
584 1266 634 1294 ne
670 1254 1047 1306 Grasbergcri¹)
1090 1255 1248 1306 quidem
1291 1256 1557 1296 coniecturam

186 1317 391 1369 ‚tit'ulo⁷‚
428 1318 522 1358 licet
555 1319 606 1359 sit
639 1318 843 1370 ingeniose
872 1322 1111 1371 excogitata,
1140 1320 1193 1359 ad
1221 1333 1413 1361 summam
1441 1332 1558 1371 quae-

184 1381 323 1421 stionis
358 1381 567 1432 quadrare.
623 1382 770 1422 Vocem
806 1387 940 1422 autem
972 1395 1066 1423 vere
1095 1384 1337 1435 Statianam,
1365 1396 1468 1434 quae
1496 1387 1556 1422 est

188 1444 346 1495 ,voto',
373 1444 565 1496 imprimis
594 1445 751 1485 Claudii
778 1446 917 1485 Rutilii
943 1446 1174 1487 Namatiani
1201 1446 1335 1486 ltiner.
1354 1447 1374 1485 I
1400 1460 1437 1486 v.
1461 1447 1554 1486 163:

185 1507 522 1557 ,Fortunatasque
550 1520 669 1558 agam
702 1512 816 1547 voto
843 1509 1038 1549 beatior
1065 1510 1209 1548 omni'
1237 1510 1351 1548 nobis
1379 1509 1557 1559 suggerit

184 1569 386 1620 multaque
414 1571 497 1610 alia
515 1571 699 1623 exempla
718 1573 988 1623 comprobant,
1016 1576 1058 1611 ut
1076 1572 1172 1612 Silv.
1194 1571 1226 1609 V
1246 1573 1283 1621 2,
1307 1572 1381 1611 125
1400 1576 1440 1611 et
1462 1572 1555 1611 126:

343 1635 465 1683 ,Ergo
494 1647 564 1683 age
593 1636 693 1681 (nam
722 1636 849 1684 magni
878 1635 983 1672 ducis
1011 1636 1244 1684 indulgentia
1271 1640 1417 1684 perstat
1430 1634 1458 1682 ²)

343 1686 531 1735 Certaque
559 1687 625 1723 dat
650 1688 778 1723 votis
807 1688 937 1724 hilaris
965 1689 1128 1737 vestigia
1156 1689 1301 1737 frater),
1331 1688 1415 1724 etc.q

182 1748 202 1787 I
229 1747 266 1800 2,
294 1749 365 1801 333
393 1749 447 1788 IV
478 1749 512 1800 7,
542 1750 612 1798 343
640 1749 674 1787 V
702 1750 739 1801 3,
767 1750 865 1800 218,
898 1749 1022 1789 Theb.
1049 1750 1108 1789 111
1135 1749 1231 1789 564:
1275 1750 1396 1800 ,Hinc
1424 1750 1555 1790 scelus

181 1812 429 1862 insidiaeque
457 1816 496 1850 et
523 1813 660 1851 nulla
687 1812 934 1851 modestia
960 1813 1099 1863 voti3'
1127 1812 1223 1851 ibid.
1251 1813 1271 1850 Ι
1298 1813 1394 1851 322:

341 1903 545 1914 ......
575 1888 680 1925 ,spes
709 1877 824 1912 anxia
851 1879 1017 1912 mentem

341 1928 521 1964 Extrahit
549 1933 587 1964 et
613 1929 755 1977 longo
783 1930 1021 1965 consumit
1049 1928 1222 1977 gaudia
1249 1928 1392 1974 voto3'

181 1988 238 2028 VI
264 1989 360 2040 634,
388 1988 485 2028 VIII
512 1988 607 2040 2533
635 1989 694 2031 IX
713 1990 790 2030 623
799 2004 809 2038 ;
837 1990 896 2029 XI
914 1990 993 2030 300
1012 2002 1120 2041 seqq.
1163 1990 1251 2030 Val.
1270 1989 1403 2029 Flacc.
1423 1989 1442 2028 I
1461 1989 1551 2029 200.

183 2052 321 2093 Senec.
349 2053 508 2105 Hippol.
539 2054 634 2103 7113
662 2053 758 2094 ibid.
787 2053 935 2094 Troad.
965 2055 1042 2094 700
1069 2067 1177 2105 seqq.

750 2256 791 2318 11
824 2257 866 2311 3,
902 2257 977 2300 69.

181 2339 226 2376 V.
244 2342 310 2377 64:
339 2340 428 2389 ‚Tu‚
457 2341 562 2377 cuius
590 2340 743 2389 placido
771 2353 933 2390 posuere
960 2341 999 2377 in
1027 2348 1183 2390 pectore
1212 2344 1339 2381 sedem

337 2393 502 2431 Blandus
530 2394 649 2431 honos
677 2393 884 2442 hilarisque
913 2399 1039 2431 tamen
1068 2407 1150 2431 cum
1181 2399 1348 2447 pondere
1376 2395 1514 2444 virtus5

339 2447 408 2484 Cui
438 2459 509 2483 nec
537 2447 647 2496 pigra
675 2448 781 2496 quies
810 2459 880 2484 nec
908 2448 1037 2496 iniqua
1063 2452 1234 2497 potentia
1262 2464 1331 2488 nec
1360 2460 1446 2497 spes

289 2550 297 2568 ¹
369 2576 375 2582 .
421 2576 429 2583 .
478 2576 485 2583 .
508 2550 582 2583 420.

285 2552 314 2646 2))
336 2551 543 2637 ἓΐ.οᾱθρίιοο
568 2604 678 2636 verbo
703 2613 755 2645 ea,
780 2614 868 2645 quae
892 2604 982 2636 infra
1006 2605 1051 2637 ad
1074 2605 1166 2637 illum
1190 2605 1301 2637 locum
1325 2605 1513 2646 disputavi.
