1744 2973
846 223 896 263 33

211 354 388 405 Propert.
416 353 456 392 Π
489 353 527 404 9,
557 353 625 392 12:
668 351 771 403 ,Nec
805 352 1012 403 quisquam
1047 364 1096 391 ex
1130 352 1201 391 illo
1234 352 1396 392 vulnere
1431 363 1579 392 sanus

209 416 326 468 abit3’
354 416 450 456 ibid.
478 417 538 455 ΙΠ
564 415 635 467 23,
666 416 735 465 183
761 415 944 456 Juvenal.
972 416 1011 454 X
1039 415 1135 455 356:
1177 414 1399 466 ,Orandum
1427 419 1507 467 est,
1534 419 1579 455 ut

209 480 261 519 sit
299 491 410 520 mens
450 492 571 520 sana
611 479 653 518 in
693 490 857 530 corpore
891 479 1046 530 sano3’
1088 478 1183 519 ibid.
1220 479 1275 518 VI
1307 480 1397 520 234.
1460 479 1576 519 Ovid.

208 542 317 583 Fast.
345 544 366 582 Ι
391 543 489 594 5063
516 543 651 582 Amor.
679 542 719 581 Π
748 542 809 593 19,
840 542 908 593 113
935 542 1097 582 Remed.
1124 543 1212 582 Am.
1240 542 1337 594 6213
1373 555 1422 582 ex
1449 543 1575 582 Ponto

209 606 229 644 Ι
256 606 293 657 3,
323 606 391 655 123
419 607 556 647 Horat.
584 605 667 645 Sat.
695 605 715 644 I
741 605 780 657 4,
809 605 896 645 129.

313 690 464 738 Quodsi
490 693 701 743 praeterea
727 690 807 730 vim
834 702 1026 741 usumque
1053 689 1338 730 adiectivorum
1366 721 1376 742 ,
1386 703 1404 730 s
1413 704 1437 730 a
1446 691 1460 729 l
1470 704 1495 730 v
1502 703 1528 730 u
1537 690 1573 730 s’

209 758 248 794 et
275 785 285 805 ,
294 767 313 794 s
322 767 347 794 a
355 766 413 793 nu
421 766 440 794 s
449 755 456 767 ¹
486 753 756 806 componimus
782 752 1152 806 perpendimusque,
1179 753 1255 793 hoc
1274 765 1323 793 ea
1341 766 1495 804 quoque
1522 753 1572 793 de

209 830 331 857 causa
357 821 491 857 nostro
509 817 597 857 loco
626 816 721 856 mihi
748 816 1051 866 praeferendum
1068 816 1235 867 videtur,
1263 816 1368 867 quod
1388 848 1397 867 ,
1407 829 1426 856 s
1435 830 1461 856 a
1469 830 1494 856 n
1504 830 1527 856 u
1539 818 1573 855 s'

208 880 258 919 (16
286 881 511 933 corporis
538 879 827 920 valetudine
862 883 902 919 et
935 880 1254 931 integritate,
1282 880 1495 929 ',salvus’
1524 879 1575 919 de

206 957 232 983 v
240 943 254 982 i
262 947 278 982 t
286 957 311 983 a
338 956 357 983 s
365 957 423 995 up
433 956 454 983 e
462 957 481 982 r
489 943 578 983 stit
587 955 609 983 e
636 943 851 996 praecipue
878 942 1034 983 dicitur.

683 1275 742 1318 III
777 1274 819 1328 5,
855 1275 916 1318 49
952 1278 997 1318 et
1030 1275 1106 1318 50.

206 1370 253 1406 V.
269 1371 339 1406 48:
368 1368 529 1416 ,Questa
557 1372 616 1405 est
643 1368 816 1418 Aegiale,
845 1372 979 1417 questa
1006 1373 1065 1406 est
1091 1369 1284 1406 Meliboea
1310 1370 1474 1418 relinqui

362 1422 414 1458 Et
439 1432 712 1469 quamquam
739 1422 844 1458 saevi
872 1422 1068 1459 faecerunt
1096 1422 1280 1458 maenada
1307 1422 1492 1470 planctus.

362 1474 443 1510 Nec
469 1474 592 1511 minor
617 1474 675 1510 his
704 1477 745 1510 tu
771 1485 883 1511 nosse
911 1473 1023 1511 fidem
1052 1475 1312 1523 uictamque
1339 1475 1484 1511 maritis

363 1526 550 1564 Reddere.
605 1526 668 1563 Sic
696 1530 800 1563 certe
828 1528 974 1564 cineres
1001 1527 1249 1575 umbramque
1276 1528 1442 1576 priorem

363 1577 522 1623 Quaeris
550 1578 672 1615 adhuc
699 1578 784 1617 etc:

310 1674 512 1713 Summam
538 1684 675 1712 versus
692 1672 744 1711 49
763 1672 1039 1712 difficultatem
1066 1673 1107 1712 in
1124 1686 1223 1713 voce
1250 1674 1572 1724 ,quamquam'

206 1736 377 1788 positam
395 1748 482 1776 esse
500 1735 691 1776 videmus.
733 1735 1001 1776 Grevartius
1021 1748 1109 1776 eam
1128 1735 1319 1776 disiunxit
1337 1739 1377 1775 ct
1395 1736 1573 1788 scripsit:

207 1800 278 1850 ,Et
318 1812 457 1850 quam
498 1800 653 1850 (quam
687 1799 868 1851 saevi!)'‚
910 1800 1125 1840 Oruceus
1164 1811 1278 1840 vero:
1322 1800 1392 1851 ,Et
1432 1812 1574 1850 quam

205 1866 301 1903 tam
341 1862 473 1902 saevi!
540 1862 649 1908 Quas
691 1862 896 1913 utriusque
936 1875 1064 1913 nugas
1105 1874 1193 1902 esse
1239 1873 1452 1912 veramque
1497 1874 1575 1901 me-

206 1925 371 1966 moriam
404 1925 609 1977 vulgatam
644 1928 683 1966 et
716 1925 773 1965 sic
815 1925 1094 1977 explicandam
1128 1925 1409 1966 Gronovius
1449 1925 1576 1966 Diatr.

206 2002 239 2029 6.
268 1990 319 2028 35
346 1989 617 2029 demonstrare
643 1988 706 2028 his
733 1989 903 2028 studuit:
945 1989 1132 2040 ,Aegiale
1168 1988 1339 2038 relinqui
1365 2000 1409 2027 se
1436 1992 1578 2038 questa

206 2056 278 2104 est,
306 2055 446 2103 questa
474 2056 534 2093 est
561 2053 681 2092 ctiam
699 2052 916 2092 Meliboea:
946 2056 985 2092 et
1011 2052 1194 2105 planctus
1222 2052 1271 2092 ob
1298 2051 1575 2103 desertionem,

206 2128 478 2167 quanquam
512 2116 644 2155 tristes
679 2115 921 2167 saevique,
963 2116 1189 2157 fecerunt
1233 2114 1472 2155 Maenada
1506 2115 1575 2155 ali-

205 2191 335 2231 quam,
363 2190 505 2231 nempe
531 2178 746 2219 Ariadnen.
800 2180 907 2219 Inter
934 2179 1118 2232 planctus
1150 2183 1189 2218 et
1215 2179 1422 2230 lugubrem
1450 2178 1571 2218 eiula-

205 2246 288 2282 tum
315 2242 564 2294 deprehensa
591 2256 617 2283 a
643 2242 788 2283 Libero
817 2246 931 2294 patre
959 2243 1120 2283 Gnossis
1138 2243 1338 2282 Maenas
1365 2242 1473 2282 facta
1502 2246 1574 2289 est,

206 2305 243 2346 h.
272 2318 323 2346 e.:
360 2306 402 2346 in
429 2306 657 2346 comitatum
685 2309 725 2345 et
751 2310 879 2346 torum
906 2306 1041 2347 Liberi
1068 2305 1246 2346 adscita!
1300 2306 1345 2344 In
1372 2304 1448 2345 hac
1477 2305 1576 2345 Gro-

208 2370 315 2409 novii
342 2370 557 2421 sententia,
593 2369 786 2420 quidquid
814 2373 952 2410 contra
979 2369 1076 2410 dicit
1102 2368 1381 2419 Marklandus,
1409 2367 1452 2407 id
1479 2369 1576 2407 mihi

205 2433 363 2473 videtur
391 2433 650 2473 certissimum
679 2445 787 2484 esse,
822 2433 928 2484 quod
955 2434 1030 2474 iste
1056 2433 1219 2473 Elench.
1248 2432 1462 2472 Antidiatr.
1491 2446 1524 2472 6.
1553 2432 1578 2470 5

206 2496 408 2537 confessus
443 2501 525 2537 est:
568 2496 636 2547 ,de
670 2497 781 2536 nulla
816 2497 916 2549 alia,
958 2510 1077 2548 quam
1111 2496 1161 2536 de
1195 2495 1372 2535 Ariadne
1408 2496 1579 2536 Statium

206 2560 301 2612 capi
329 2561 481 2612 posse'3’
522 2561 611 2614 1.,6.
647 2560 719 2600 sub
754 2572 851 2600 voce
885 2561 1207 2612 ,quamquam'
1241 2559 1326 2599 sine
1361 2559 1481 2600 dubio
1515 2559 1581 2599 de-

204 2627 374 2675 pravata
407 2636 549 2664 nomen
584 2623 747 2674 aliquod
783 2624 984 2676 proprium
1022 2622 1225 2664 Ariadnae
1267 2623 1350 2663 sive
1385 2623 1580 2675 significa-

1368 2697 1388 2730 3
