1744 2973
842 173 894 213 25

289 299 436 339 Vocem
464 304 597 340 autem
624 301 836 351 genuinam
864 301 1179 350 sententiamque
1206 311 1299 338 vere
1327 298 1550 338 Statianam

183 362 347 402 minima
374 363 591 404 mutatione
618 363 865 416 habebimus,
894 364 929 404 si
956 363 1246 416 scripserimus:

234 426 304 475 ,Et
330 427 488 465 fratrum
515 429 695 477 gemitus:
723 427 856 468 tacite
883 434 1037 466 tamen
1065 441 1117 465 ac
1144 428 1311 477 procul
1339 428 1491 464 intrat

232 480 357 516 Altius
385 481 423 516 in
452 493 582 517 sensus
610 482 830 529 maioraque
856 482 1014 518 vulnera
1041 482 1159 518 vincit

231 532 350 582 Plaga
378 533 522 571 minor?
827 534 839 546 ⁶

285 595 372 636 Hac
417 596 520 635 enim
561 595 837 636 emendatione
878 596 1086 648 aptissima
1127 596 1417 647 scitissimaque
1458 595 1549 634 utri-

178 671 304 709 usque
338 659 467 699 luctus
508 659 684 700 nascitur
725 660 941 712 oppositio:
985 659 1084 699 dura
1125 660 1276 700 scilieet
1317 663 1356 699 et
1396 662 1550 699 maesta

179 723 412 774 liberorum,
441 724 638 774 coniugis,
666 735 943 774 germanorum
970 723 1111 763 funera
1138 727 1246 773 sunt3
1279 723 1427 762 doloris
1454 734 1548 762 vero

177 786 320 826 vulnus
346 786 440 826 inde
469 790 676 838 acceptum
704 790 765 826 est
792 790 973 838 apertum
1001 790 1041 826 et
1067 786 1231 837 vulgare
1249 786 1454 836 luctusque
1480 798 1549 837 pu·
1575 789 1580 793 '

177 850 306 890 blicus
336 854 375 890 et
403 851 648 902 conspicuus.
690 851 743 890 At
769 854 978 902 praeterea
1005 851 1128 902 plaga
1147 853 1277 890 exstat
1295 850 1388 900 alia,
1417 848 1550 900 specie

178 912 305 953 minor
324 913 507 963 et‘vilior,
528 926 630 964 quae
649 917 783 954 tamen
801 913 935 953 furtim
955 917 994 952 et
1012 913 1132 953 tacite
1151 913 1331 952 sensibus
1350 912 1549 963 obripiens

178 976 300 1016 multo
320 976 406 1017 istis
427 977 546 1017 altius
565 980 748 1029 penetrat
767 981 806 1016 et
824 977 1000 1028 vulnera,
1027 988 1130 1028 quae
1149 975 1435 1027 existimantur,
1463 988 1550 1026 gra-

177 1040 289 1080 viora
318 1040 455 1080 dolore
480 1045 659 1092 superat:
690 1053 832 1093 nempe
861 1041 1035 1091 delicati,
1063 1040 1202 1079 famuli
1231 1040 1378 1090 dilecti,
1407 1039 1548 1079 obitus.

285 1103 406 1143 Usum
434 1107 567 1143 autem
595 1103 776 1143 adverbii
805 1104 1012 1155 ,tacite’‚
1041 1103 1147 1154 quod
1172 1103 1338 1153 restitui,
1367 1102 1551 1153 exempla

176 1167 434 1218 comprobant
461 1166 569 1207 haud
596 1167 809 1218 absimilia,
837 1171 880 1206 ut
908 1167 1034 1208 Theb.
1062 1168 1101 1206 II
1129 1166 1224 1205 232:

353 1259 596 1279 .......
606 1233 755 1269 tacite
783 1245 800 1268 s
811 1231 865 1268 ub
877 1233 889 1268 i
899 1235 915 1268 t
942 1232 1009 1268 ille
1038 1244 1234 1281 supremus

353 1284 591 1335 Virginitatis
619 1297 642 1320 a
650 1297 687 1320 m
698 1296 719 1321 ο
729 1297 766 1334 r,
794 1285 1015 1333 primaeque
1043 1284 1232 1321 modestia
1259 1283 1393 1332 culpae

352 1336 556 1374 Confundit
588 1337 738 1374 vultus?

178 1399 272 1439 silv.
301 1398 355 1437 1v
382 1399 420 1450 4,
448 1399 518 1438 37:

309 1463 386 1512 ,Te
414 1475 564 1513 quoque
591 1462 800 1501 flammabit
828 1464 979 1501 tacite
1007 1464 1170 1513 repetita
1197 1474 1400 1513 parumper

307 1517 465 1554 Desidia
492 1522 531 1554 et
558 1517 691 1554 solitos
719 1529 839 1554 novus
868 1517 1078 1554 exsultabis
1107 1518 1145 1553 in
1173 1516 1305 1554 actus?

176 1579 359 1619 Juvenal.
405 1579 464 1618 XI
511 1579 604 1619 185:
658 1579 833 1630 ,tacito
885 1579 1005 1619 bilem
1056 1579 1129 1618 tibi
1175 1578 1383 1618 contrahat
1428 1578 1548 1617 uxor!

176 1641 345 1682 Phaedr.
365 1643 385 1681 I
402 1643 439 1693 2,
462 1643 528 1681 17:
559 1642 697 1693 ,Forte
724 1655 804 1682 una
831 1645 985 1682 tacite
1012 1642 1204 1694 proferte
1223 1645 1365 1692 stagno
1394 1641 1548 1693 caput3'

176 1705 261 1745 ibid
288 1705 324 1744 V
357 1706 390 1756 1,
419 1706 461 1756 63
503 1705 618 1745 Ovid.
646 1705 755 1745 Fast.
783 1706 802 1745 1
830 1705 901 1754 653
943 1718 994 1745 ex
1020 1706 1134 1745 Pont.
1161 1705 1216 1744 IV
1247 1706 1307 1755 10,
1336 1704 1406 1756 543
1448 1705 1547 1744 Stat.

176 1769 271 1809 Silv.
299 1769 360 1809 III
390 1770 424 1820 1,
456 1768 547 1820 1053
575 1769 700 1809 Theb.
728 1769 787 1809 IX
814 1770 877 1809 81.
923 1770 1071 1810 Lucan.
1100 1769 1134 1808 V
1162 1769 1251 1809 518.
1301 1768 1545 1809 Nemesiani.

175 1832 312 1884 Eclog.
340 1832 408 1884 VI,
437 1832 498 1872 85.

746 1964 786 2007 Π
820 1964 863 2018 6,
905 1965 975 2007 16.

177 2047 224 2086 V.
244 2049 310 2083 12:
340 2075 505 2086 .....
535 2047 614 2097 ,Ne
642 2048 850 2097 comprime
877 2047 988 2084 fletus

334 2100 392 2136 Ne
418 2100 580 2149 pudeat3
608 2104 759 2150 rumpat
788 2100 914 2138 frenos
943 2100 1053 2137 dolor
1080 2101 1154 2136 iste
1182 2100 1339 2148 deisque

337 2152 377 2189 Si
405 2156 484 2189 tam
511 2153 604 2189 dura
631 2153 797 2202 placent,
825 2153 1017 2190 hominem
1044 2153 1163 2202 gemis
1194 2152 1270 2198 (hei
1289 2152 1400 2189 mihi!
1428 2152 1548 2190 subdo

334 2205 422 2255 Ipse
450 2206 581 2254 faces),
610 2206 813 2255 hominem,
841 2205 950 2254 Urse,
979 2210 1096 2254 tuum,
1125 2206 1186 2241 eui
1214 2205 1325 2242 dulce
1352 2205 1495 2242 volenti

335 2258 551 2307 Servitium,
581 2259 640 2295 cui
668 2259 778 2294 triste
805 2258 911 2307 nihil,
940 2258 1005 2306 qui
1033 2262 1168 2306 sponte
1197 2258 1366 2306 sibique

332 2310 562 2360 Imperiosus
591 2310 696 2348 erat.'

279 2393 484 2432 Particula
512 2393 635 2444 ,que’
664 2393 887 2444 pronomini
916 2393 1050 2443 ,sibi’
1078 2406 1114 2432 v.
1146 2394 1193 2431 16
1229 2393 1424 2443 iniuncta,
1460 2405 1549 2432 cum

176 2467 254 2495 non
281 2455 450 2508 habeat,
486 2455 591 2508 quod
620 2456 852 2508 coniungat,
886 2455 1020 2496 mendi
1055 2456 1320 2509 suspicionem
1352 2459 1483 2496 movet
1510 2459 1550 2495 et

177 2517 349 2559 delenda
380 2519 555 2572 videtur,
596 2520 638 2559 id
674 2520 780 2571 quod
807 2521 885 2560 iam
915 2520 1150 2560 Heinsius
1177 2520 1288 2571 vidit,
1316 2521 1383 2571 qui
1410 2532 1551 2572 prono-

177 2594 265 2621 men
309 2583 452 2635 ,ipse'
495 2583 812 2623 substituendum
853 2595 939 2623 esse
975 2584 1138 2623 censuit.
1200 2583 1281 2623 Sed
1316 2583 1548 2623 adverbium
