1744 2973
860 209 909 250 15

195 335 399 386 genibus'3
438 335 534 376 ibid.
571 335 622 375 de
657 336 712 375 VI
746 337 862 377 Gons.
890 338 1037 378 Honor.
1066 337 1164 386 2293
1204 337 1321 376 Mart.
1357 337 1390 376 V
1430 336 1491 386 14,
1519 336 1566 385 83

196 397 314 449 Vcrg.
333 398 432 438 Aen.
450 399 511 439 XI
537 397 615 438 833
631 429 640 438 .
657 429 665 438 .
682 429 691 438 .
708 429 717 438 .
734 399 950 450 ,deiecta
977 400 1175 441 crudescit
1200 412 1337 452 pugna
1355 398 1564 447 Camilla'3

196 460 292 501 ibid.
326 463 367 501 X
408 462 503 513 8533
543 461 688 512 Georg.
723 462 783 502 ΙΠ
821 464 920 513 422;
962 464 1039 504 Gir.
1080 463 1151 502 32:
1194 462 1383 514 ,Additur
1423 465 1567 502 aurata

198 523 424 565 deiectus
443 524 606 577 cuspide
624 524 787 577 Typh0.’
827 526 975 566 Lucan.
994 527 1091 567 VIII
1107 527 1185 566 206
1204 530 1244 566 et
1261 526 1356 566 344:
1377 526 1567 578 ,Deiec-

197 592 298 628 tum
332 589 425 629 fatis
456 588 645 629 humilem
671 589 918 640 fractumque
944 590 1115 630 videbit!
1171 590 1241 630 Sil.
1269 590 1359 629 Ital.
1388 588 1461 629 XV
1488 589 1566 628 463

199 655 239 691 et
264 652 362 692 XVI
392 651 479 692 165.-
535 652 623 691 Val.
650 652 784 692 Flacc.
812 652 959 702 Argon.
989 653 1043 692 VI
1073 654 1158 692 193.
1212 652 1383 692 Phaedr.
1402 653 1443 692 II
1473 653 1505 702 1,
1532 653 1566 692 1.

200 714 257 755 Cf.
279 714 449 765 denique
476 715 614 754 Horat.
633 714 719 753 Art.
737 719 843 766 poet.
861 714 952 765 462,
979 715 1047 754 ubi
1074 715 1145 754 alii
1171 715 1263 755 libri
1282 715 1566 766 ,deiecerit',

199 777 270 818 alii
310 777 620 830 ‚proiecerit'
657 776 865 829 exhibent3
902 777 989 827 (sed
1023 777 1072 818 cf.
1108 778 1227 818 etiam
1262 778 1389 818 Bentl.
1431 777 1566 818 adnot.

199 841 253 881 ad
279 841 392 881 illum
418 841 582 891 locum);
609 840 704 880 ibid.
737 841 823 880 110.

769 1108 808 1152 Π
847 1109 886 1163 1,
922 1109 997 1152 63.

203 1191 249 1227 V.
267 1192 333 1227 62:
364 1189 475 1239 ‚Quis
504 1192 708 1228 matutinos
737 1191 937 1241 abrumpet
966 1203 1153 1228 murmure
1182 1203 1333 1229 somnos

360 1243 584 1293 Impositus
613 1244 742 1281 stratis
769 1244 972 1293 abitusque
1000 1244 1209 1282 morabitur
1236 1246 1328 1282 artis

360 1296 533 1333 Nexibus
561 1297 685 1345 adque
712 1298 816 1346 ipsos
844 1298 1044 1334 revocabit
1071 1298 1117 1334 ad
1148 1298 1278 1334 oscula
1304 1297 1460 1346 postes?

362 1348 507 1386 Obvius
534 1350 690 1386 intranti
717 1362 845 1387 rursus
874 1351 958 1398 quis
986 1350 1025 1386 in
1053 1362 1120 1387 ora
1149 1347 1356 1398 manusque

362 1402 542 1438 Prosiliet
569 1402 826 1451 brevibusque
852 1403 1029 1440 humeros
1057 1402 1308 1440 circumdabit
1335 1401 1478 1439 ulnis?'

310 1472 568 1525 Participium
587 1473 694 1514 istud
712 1487 749 1514 v.
768 1475 820 1514 63
840 1474 1133 1527 ,impositus'
1159 1474 1375 1515 secundum
1394 1473 1574 1514 codicum

206 1536 436 1577 memoriam
464 1536 514 1576 de
533 1537 704 1578 Glaucia
724 1537 880 1589 dicitur,
908 1550 1036 1589 neque
1063 1542 1133 1578 aut
1159 1539 1269 1590 leges
1290 1537 1575 1589 grammaticae

206 1604 276 1639 aut
309 1600 417 1640 illius
452 1594 657 1641 enunciati'
685 1601 881 1641 sententia
921 1601 1063 1641 leviter
1097 1601 1369 1641 tantummodo
1410 1604 1574 1651 attacta,

206 1664 412 1715 quominus
451 1664 509 1704 ita
541 1664 819 1716 intellegamus
852 1664 1037 1704 videntur
1064 1666 1235 1705 obstare.
1289 1664 1453 1704 Penitus
1479 1676 1574 1704 vero

205 1727 506 1777 accuratiusque
540 1728 663 1767 verba
690 1728 763 1767 illa
789 1728 1054 1779 perscrutanti
1081 1741 1160 1767 non
1188 1727 1305 1768 modo
1334 1727 1575 1777 ambiguitas

206 1790 429 1842 importuna
443 1790 663 1831 sententiae
682 1790 978 1842 enunciatique:
996 1789 1113 1842 ‚Quis
1131 1791 1346 1831 matutinos
1364 1791 1576 1842 abrumpet

206 1865 403 1892 murmure
437 1866 594 1893 somnos
626 1854 838 1904 Impositus
879 1854 1033 1893 stratis'
1077 1855 1305 1905 apparebit,
1346 1853 1418 1893 sed
1454 1854 1574 1892 etiam

206 1916 454 1968 corruptelae
481 1916 654 1969 suspicio
681 1916 798 1957 simul
825 1916 1059 1957 suborietur.
1101 1915 1301 1964 Quaerere
1330 1916 1434 1956 enim
1461 1916 1573 1956 licet:

206 1980 303 2020 Uter
346 1980 522 2021 utriusve
566 1993 745 2021 somnum
797 1981 1073 2033 interrumpit?
1144 1980 1336 2022 Nimirum
1382 1980 1573 2020 Glaucias

206 2042 401 2083 delicatus
418 2043 553 2084 Atedii
580 2056 758 2084 somnum
785 2044 930 2084 turbat.
976 2044 1029 2083 At
1056 2043 1130 2084 hoc
1157 2047 1199 2082 tu
1222 2055 1271 2083 ex
1290 2043 1575 2083 sententiarum

206 2119 311 2147 nexu
352 2107 580 2159 auguraris,
628 2120 721 2148 nam
761 2108 884 2147 verba
924 2107 1014 2159 ipsa
1052 2119 1212 2159 prorsus
1253 2109 1344 2146 sunt
1387 2106 1576 2157 ambigua

207 2169 443 2219 minimeque
469 2170 700 2221 prohibent,
729 2170 936 2221 quominus
964 2169 1156 2209 Glaucias
1184 2168 1399 2220 delicatus,
1428 2170 1575 2221 quippe

207 2232 275 2283 qui
308 2232 360 2272 sit
394 2233 591 2284 ,stratis
617 2233 898 2286 impositus’
926 2245 1040 2274 suum
1065 2232 1190 2286 ipsius
1217 2244 1397 2273 somnum
1422 2233 1576 2273 abrum-

206 2307 306 2346 pens
341 2299 381 2334 et
415 2296 468 2335 ad
502 2301 659 2348 tempus
695 2297 916 2337 fallendum
950 2309 1022 2349 per
1055 2296 1192 2335 ludum
1226 2296 1436 2346 iocumque
1477 2308 1577 2335 mur-

207 2370 368 2399 murans
402 2359 584 2411 fingatur.
638 2359 764 2401 Vides
797 2360 936 2413 igitur,
978 2359 1294 2401 additamentum
1328 2358 1435 2400 istud
1471 2360 1576 2410 ,Im-

207 2423 399 2475 positus
439 2425 647 2475 stratis’‚
682 2424 788 2475 quod
824 2424 952 2475 quivis
988 2436 1010 2464 e
1044 2436 1175 2463 rerum
1210 2427 1354 2463 natura
1393 2422 1447 2463 ad
1489 2422 1575 2462 dor-

206 2486 393 2527 mientem
425 2487 555 2540 ipsum
581 2487 778 2528 relaturus
813 2488 883 2540 sit,
919 2488 954 2528 si
989 2500 1076 2528 cum
1111 2486 1283 2529 delicato
1311 2490 1578 2527 murmurante

208 2564 465 2602 somnumque
492 2551 577 2591 heri
608 2552 792 2592 turbante
827 2552 1031 2604 iungatur,
1073 2552 1175 2592 adeo
1210 2552 1356 2591 nullius
1390 2551 1577 2590 momenti

208 2628 308 2667 esse,
335 2619 379 2655 ut
406 2615 640 2656 sententiam
674 2617 877 2667 obscuret,
918 2628 1006 2656 oum
1042 2615 1172 2667 potius
1199 2614 1344 2655 Atedio
1372 2613 1576 2664 debeatur,
