1744 2973
856 176 908 219 49

1104 251 1127 263 Q-

204 308 349 356 affecta
383 317 471 347 esse
502 305 793 358 suspicabatur.
850 307 976 347 Poeta
1011 306 1133 358 enim,
1168 306 1234 357 qui
1269 304 1464 345 rationem
1500 314 1565 343 ex·

205 372 525 420 cusationemque
551 368 724 420 quaerit,
759 380 828 409 cur
860 370 986 410 altero
1020 369 1178 410 demum
1207 382 1311 411 anno
1338 371 1429 421 post
1462 367 1564 407 Pris-

203 436 322 478 cillae
366 434 483 474 funus
527 432 771 473 celebratum
814 444 965 474 summo
1003 433 1223 474 Abascanti
1262 432 1392 474 dolori
1432 443 1563 472 seram

204 497 376 538 carmine
410 507 482 536 suo
524 498 652 535 struat
683 494 940 547 medicinam,
980 496 1110 536 luctus
1141 495 1313 536 recentis
1347 507 1397 535 ex
1430 494 1565 534 uxoris

203 551 375 601 dilectae
413 561 540 599 morte
580 557 688 610 capti
728 558 985 599 acerbitatem
1030 562 1150 610 atque
1188 558 1385 600 insaniam
1419 558 1564 611 premit

202 627 321 674 atque
355 634 444 662 cum
477 621 609 661 mariti
643 620 753 660 vidui
786 621 947 661 tristitia
980 620 1074 662 anni
1107 622 1237 674 spatio
1272 622 1560 673 aliquantulum

202 686 325 726 lenita
365 687 581 737 comparat.
635 682 783 723 Prioris
822 683 942 735 igitur
981 683 1130 725 doloris
1169 685 1256 726 acie
1296 685 1438 726 obtusa
1478 684 1564 724 fieri

202 748 340 802 potuit,
366 751 411 788 ut
427 751 572 800 poetae
588 747 712 787 verba
730 746 901 787 solantia
917 747 1053 799 pronis
1071 748 1232 788 auribus
1250 748 1301 788 ab
1319 748 1563 789 Abascantio

203 811 496 863 exciperentur,
536 822 625 850 cum
660 813 780 849 antea
815 808 931 860 ,flere
964 814 1004 850 et
1030 809 1211 850 scindere
1235 813 1367 851 vestes
1395 814 1434 851 et
1461 822 1564 861 quae

203 886 311 926 seqq.
339 873 529 915 solamen’
560 876 666 914 esset
692 873 831 914 solum.

304 947 369 987 Ad
401 947 505 988 hanc
537 960 631 988 vero
667 947 903 987 sententiam
937 959 1074 988 vocem
1109 949 1370 999 ,miseram'
1406 948 1562 989 omnino

202 1009 300 1050 nihil
326 1010 461 1051 valere
487 1011 528 1051 in
554 1010 764 1064 propatulo
792 1014 863 1051 est.
916 1010 1020 1052 Nam
1046 1014 1323 1063 praeterquam
1350 1011 1456 1062 quod
1482 1012 1564 1052 uni-

204 1074 344 1124 cuique
370 1074 500 1114 luctus
528 1073 649 1114 statui
675 1073 824 1126 pariter
851 1074 1033 1114 convenit
1058 1073 1294 1125 minimeque
1320 1074 1564 1114 acerbissimi

203 1136 370 1188 doloris,
405 1149 482 1188 quo
509 1137 775 1178 Abascantius
802 1136 1089 1189 afflictabatur,
1124 1137 1286 1190 propria
1312 1141 1442 1189 potest
1472 1137 1563 1189 dici,

203 1200 431 1250 neutiquam
464 1200 620 1240 videtur
653 1200 798 1240 idonea
825 1212 924 1251 esse,
953 1212 1033 1250 qua
1058 1204 1202 1252 poetae
1229 1204 1311 1240 tam
1338 1200 1562 1240 diuturnum

204 1262 400 1309 silentium
429 1266 638 1303 excusetur
665 1262 860 1315 (quamvis
887 1262 1020 1302 omnia
1036 1262 1078 1301 in
1096 1262 1171 1303 hac
1188 1262 1278 1314 ipsa
1295 1263 1448 1303 ratione
1465 1263 1566 1303 verti

203 1326 412 1377 appareat)
438 1329 558 1376 atque
576 1325 818 1366 Abascantio
845 1326 1047 1378 probetur,
1074 1338 1197 1377 quare
1223 1330 1317 1366 tunc
1342 1338 1422 1366 non
1449 1326 1566 1366 fuerit

204 1399 226 1427 e
242 1400 306 1440 se,
333 1391 378 1428 ut
404 1388 587 1429 carminis
613 1388 806 1429 solacium
832 1387 1033 1429 afferatur.

307 1461 419 1510 Quae
460 1475 549 1504 cum
589 1463 647 1503 ita
686 1463 787 1515 sint,
827 1475 957 1515 neque
988 1462 1151 1503 Imhof
1154 1462 1227 1503 ius
1244 1463 1271 1515 1)
1306 1463 1384 1503 loci
1417 1463 1484 1514 qui
1516 1463 1568 1504 sit

204 1538 358 1577 sensus,
393 1526 512 1578 vidit,
546 1538 674 1577 neque
699 1526 992 1581 Baehrensii
1026 1530 1067 1566 et
1092 1525 1270 1567 Kochii
1306 1526 1566 1578 coniecturae,

203 1600 366 1638 quorum
391 1588 493 1629 alter

205 1652 378 1702 ‚Aegra
396 1653 540 1703 domus,
567 1656 701 1702 questu
728 1653 904 1690 misero
930 1653 1137 1702 hautque
1155 1664 1331 1690 accessus
1349 1652 1398 1690 ad
1416 1652 1566 1690 aurem'

203 1713 244 1753 in
270 1718 420 1755 textum
447 1715 608 1767 recepit,
636 1715 738 1755 alter

474 1781 653 1829 ',miser
678 1783 823 1828 atque
850 1791 1025 1817 accessus
1052 1779 1101 1816 ad
1129 1779 1285 1817 aures'

204 1840 454 1881 scribendum
481 1841 698 1894 proposuit,
726 1841 852 1894 pluris
879 1840 1090 1898 faciendae
1117 1845 1219 1883 sunt.

305 1914 456 1955 Statius
483 1927 576 1955 vero
604 1915 703 1954 nihil
730 1915 840 1956 aliud
869 1915 1077 1967 concipere
1104 1915 1243 1967 potuit,
1271 1915 1347 1955 nisi
1374 1914 1473 1955 haec
1483 1927 1492 1953 τ

465 2021 480 2042 ,
491 1987 762 2041 surdumque
789 2002 1013 2028 accessus
1041 1990 1096 2028 ad
1124 1989 1303 2028 61116111.θ

203 2060 394 2103 Nimirum
427 2063 468 2103 in
502 2062 579 2104 hac
612 2063 811 2104 sententia
843 2063 975 2116 posita
1002 2066 1094 2104 sunt
1120 2063 1263 2113 omnia,
1290 2065 1334 2102 ut
1360 2073 1463 2112 quae
1490 2061 1562 2101 dif-

204 2123 370 2167 ferentia
396 2125 498 2167 inter
524 2130 733 2179 utramque
750 2126 968 2167 Abascanti
994 2126 1123 2167 luctus
1151 2124 1420 2167 condicionem
1445 2124 1562 2165 inter-

203 2187 319 2229 cedat
362 2190 626 2242 perspiciatur
669 2189 964 2239 excusandique
1008 2192 1153 2241 poetae
1197 2188 1298 2229 ratio
1342 2188 1563 2240 probabilis

203 2251 436 2302 proferatur.
495 2252 630 2294 Prima
665 2253 769 2294 enim
803 2252 951 2295 doloris
991 2252 1209 2293 acerbitate
1248 2251 1379 2292 nullus
1419 2254 1563 2303 poetae

205 2315 471 2357 consolacioni
504 2312 636 2357 aditus
667 2316 832 2368 patebat
857 2315 934 2356 nisi
961 2315 1014 2355 ad
1040 2315 1160 2356 amici
1186 2327 1303 2355 aures
1329 2313 1471 2355 surdas
1498 2314 1564 2355 ob-

203 2378 410 2431 tusasque3
437 2391 539 2430 quae
558 2378 653 2420 anni
671 2378 798 2431 spatio
824 2377 1047 2419 intermisso
1064 2378 1266 2431 proniores
1284 2377 1563 2431 facilioresque

202 2444 292 2481 sunt
325 2442 477 2496 factae,
524 2455 751 2495 quanquam
785 2442 1051 2485 Abascantius
1085 2442 1203 2483 miser
1236 2441 1563 2492 miserandusque

309 2588 335 2631 ¹)
358 2590 411 2623 De
435 2589 567 2624 condic.
590 2589 665 2623 crit.
687 2599 720 2632 p.
744 2589 794 2622 13.

1357 2652 1379 2683 4
