<?xml version="1.0" encoding="UTF-8"?>
<!DOCTYPE html PUBLIC "-//W3C//DTD XHTML 1.0 Transitional//EN"
    "http://www.w3.org/TR/xhtml1/DTD/xhtml1-transitional.dtd">
<html xmlns="http://www.w3.org/1999/xhtml" xml:lang="en" lang="en">
 <head>
  <title>
</title>
<meta http-equiv="Content-Type" content="text/html;charset=utf-8" />
  <meta name='ocr-system' content='tesseract 3.04.00' />
  <meta name='ocr-capabilities' content='ocr_page ocr_carea ocr_par ocr_line ocrx_word'/>
</head>
<body>
  <div class='ocr_page' id='page_1' title='image "4737230_0040.png"; bbox 0 0 1744 2973; ppageno 0'>
   <div class='ocr_carea' id='block_1_1' title="bbox 848 201 900 240">
    <p class='ocr_par' dir='ltr' id='par_1_1' title="bbox 848 201 900 240">
     <span class='ocr_line' id='line_1_1' title="bbox 848 201 900 240; baseline 0.038 -2"><span class='ocrx_word' id='word_1_1' title='bbox 848 201 900 240; x_wconf 91' lang='lat'><strong>30</strong></span> 
     </span>
    </p>
   </div>
   <div class='ocr_carea' id='block_1_2' title="bbox 776 256 994 260">
    <p class='ocr_par' dir='ltr' id='par_1_2' title="bbox 776 256 994 260">
     <span class='ocr_line' id='line_1_2' title="bbox 776 256 994 260; baseline 0 0"><span class='ocrx_word' id='word_1_2' title='bbox 776 256 994 260; x_wconf 95' lang='lat' dir='ltr'><strong> </strong></span> 
     </span>
    </p>
   </div>
   <div class='ocr_carea' id='block_1_3' title="bbox 181 329 1566 1520">
    <p class='ocr_par' dir='ltr' id='par_1_3' title="bbox 181 329 1566 1520">
     <span class='ocr_line' id='line_1_3' title="bbox 181 329 1558 381; baseline -0.001 -10"><span class='ocrx_word' id='word_1_3' title='bbox 181 330 550 381; x_wconf 84' lang='lat' dir='ltr'><strong>absurditatemque</strong></span> <span class='ocrx_word' id='word_1_4' title='bbox 583 329 740 381; x_wconf 87' lang='lat' dir='ltr'><strong>generis</strong></span> <span class='ocrx_word' id='word_1_5' title='bbox 777 329 936 369; x_wconf 90' lang='lat' dir='ltr'><strong>dicendi</strong></span> <span class='ocrx_word' id='word_1_6' title='bbox 970 343 1048 370; x_wconf 93' lang='lat' dir='ltr'><strong>non</strong></span> <span class='ocrx_word' id='word_1_7' title='bbox 1083 329 1230 369; x_wconf 83' lang='lat' dir='ltr'><strong>fovisse</strong></span> <span class='ocrx_word' id='word_1_8' title='bbox 1271 333 1341 370; x_wconf 86' lang='lat' dir='ltr'><strong>aut</strong></span> <span class='ocrx_word' id='word_1_9' title='bbox 1375 341 1558 370; x_wconf 86' lang='lat' dir='ltr'><strong>servasse</strong></span> 
     </span>
     <span class='ocr_line' id='line_1_4' title="bbox 182 392 1557 446; baseline -0.001 -12"><span class='ocrx_word' id='word_1_10' title='bbox 182 395 276 434; x_wconf 91' lang='lat' dir='ltr'><strong>licet</strong></span> <span class='ocrx_word' id='word_1_11' title='bbox 317 394 523 446; x_wconf 86' lang='lat' dir='ltr'><strong>suspicari.</strong></span> <span class='ocrx_word' id='word_1_12' title='bbox 591 393 798 435; x_wconf 83' lang='lat' dir='ltr'><strong>Neminem</strong></span> <span class='ocrx_word' id='word_1_13' title='bbox 844 393 948 432; x_wconf 90' lang='lat' dir='ltr'><strong>enim</strong></span> <span class='ocrx_word' id='word_1_14' title='bbox 989 393 1091 444; x_wconf 86' lang='lat' dir='ltr'><strong>fugit</strong></span> <span class='ocrx_word' id='word_1_15' title='bbox 1129 394 1254 433; x_wconf 85' lang='lat' dir='ltr'><strong>verba</strong></span> <span class='ocrx_word' id='word_1_16' title='bbox 1293 393 1365 433; x_wconf 85' lang='lat' dir='ltr'><strong>illa</strong></span> <span class='ocrx_word' id='word_1_17' title='bbox 1406 392 1557 444; x_wconf 85' lang='lat' dir='ltr'><strong>,vidi&#39;‚</strong></span> 
     </span>
     <span class='ocr_line' id='line_1_5' title="bbox 184 456 1559 509; baseline -0.001 -12"><span class='ocrx_word' id='word_1_18' title='bbox 184 457 381 509; x_wconf 87' lang='lat' dir='ltr'><strong>,genui&#39;,</strong></span> <span class='ocrx_word' id='word_1_19' title='bbox 409 457 569 508; x_wconf 86' lang='lat' dir='ltr'><strong>gemina</strong></span> <span class='ocrx_word' id='word_1_20' title='bbox 597 456 873 497; x_wconf 92' lang='lat' dir='ltr'><strong>coniunctione</strong></span> <span class='ocrx_word' id='word_1_21' title='bbox 908 456 1163 497; x_wconf 84' lang='lat' dir='ltr'><strong>adversativa</strong></span> <span class='ocrx_word' id='word_1_22' title='bbox 1191 458 1308 508; x_wconf 86' lang='lat' dir='ltr'><strong>,aut’</strong></span> <span class='ocrx_word' id='word_1_23' title='bbox 1336 456 1412 497; x_wconf 93' lang='lat' dir='ltr'><strong>sibi</strong></span> <span class='ocrx_word' id='word_1_24' title='bbox 1439 468 1559 508; x_wconf 88' lang='lat' dir='ltr'><strong>oppo-</strong></span> 
     </span>
     <span class='ocr_line' id='line_1_6' title="bbox 183 518 1559 573; baseline -0.001 -12"><span class='ocrx_word' id='word_1_25' title='bbox 183 524 273 572; x_wconf 91' lang='lat' dir='ltr'><strong>sita,</strong></span> <span class='ocrx_word' id='word_1_26' title='bbox 301 524 466 573; x_wconf 89' lang='lat' dir='ltr'><strong>propter</strong></span> <span class='ocrx_word' id='word_1_27' title='bbox 493 520 695 572; x_wconf 83' lang='lat' dir='ltr'><strong>disparem</strong></span> <span class='ocrx_word' id='word_1_28' title='bbox 723 520 928 570; x_wconf 90' lang='lat' dir='ltr'><strong>utriusque</strong></span> <span class='ocrx_word' id='word_1_29' title='bbox 946 520 1117 560; x_wconf 86' lang='lat' dir='ltr'><strong>notionis</strong></span> <span class='ocrx_word' id='word_1_30' title='bbox 1136 520 1327 560; x_wconf 86' lang='lat' dir='ltr'><strong>ambitum</strong></span> <span class='ocrx_word' id='word_1_31' title='bbox 1354 518 1559 561; x_wconf 90' lang='lat' dir='ltr'><strong>commode</strong></span> 
     </span>
     <span class='ocr_line' id='line_1_7' title="bbox 183 583 1560 634; baseline -0.001 -10"><span class='ocrx_word' id='word_1_32' title='bbox 183 585 287 624; x_wconf 92' lang='lat' dir='ltr'><strong>inter</strong></span> <span class='ocrx_word' id='word_1_33' title='bbox 321 596 365 624; x_wconf 92' lang='lat' dir='ltr'><strong>se</strong></span> <span class='ocrx_word' id='word_1_34' title='bbox 400 583 605 624; x_wconf 86' lang='lat' dir='ltr'><strong>conciliari</strong></span> <span class='ocrx_word' id='word_1_35' title='bbox 640 595 718 623; x_wconf 87' lang='lat' dir='ltr'><strong>non</strong></span> <span class='ocrx_word' id='word_1_36' title='bbox 753 594 884 634; x_wconf 91' lang='lat' dir='ltr'><strong>posse.</strong></span> <span class='ocrx_word' id='word_1_37' title='bbox 938 583 1001 622; x_wconf 94' lang='lat' dir='ltr'><strong>An</strong></span> <span class='ocrx_word' id='word_1_38' title='bbox 1035 583 1138 622; x_wconf 92' lang='lat' dir='ltr'><strong>ratio</strong></span> <span class='ocrx_word' id='word_1_39' title='bbox 1165 584 1374 623; x_wconf 88' lang='lat' dir='ltr'><strong>verborum</strong></span> <span class='ocrx_word' id='word_1_40' title='bbox 1401 584 1560 622; x_wconf 89' lang='lat' dir='ltr'><strong>illorum</strong></span> 
     </span>
     <span class='ocr_line' id='line_1_8' title="bbox 184 645 1560 698; baseline -0.001 -11"><span class='ocrx_word' id='word_1_41' title='bbox 184 647 422 688; x_wconf 87' lang='lat' dir='ltr'><strong>sententiam</strong></span> <span class='ocrx_word' id='word_1_42' title='bbox 449 646 531 685; x_wconf 93' lang='lat' dir='ltr'><strong>ullo</strong></span> <span class='ocrx_word' id='word_1_43' title='bbox 551 645 669 686; x_wconf 89' lang='lat' dir='ltr'><strong>modo</strong></span> <span class='ocrx_word' id='word_1_44' title='bbox 695 648 821 697; x_wconf 85' lang='lat' dir='ltr'><strong>possit</strong></span> <span class='ocrx_word' id='word_1_45' title='bbox 839 646 1022 697; x_wconf 87' lang='lat' dir='ltr'><strong>tolerare,</strong></span> <span class='ocrx_word' id='word_1_46' title='bbox 1050 649 1209 698; x_wconf 86' lang='lat' dir='ltr'><strong>poetam</strong></span> <span class='ocrx_word' id='word_1_47' title='bbox 1228 645 1434 698; x_wconf 85' lang='lat' dir='ltr'><strong>delicatos,</strong></span> <span class='ocrx_word' id='word_1_48' title='bbox 1462 658 1560 697; x_wconf 91' lang='lat' dir='ltr'><strong>quos</strong></span> 
     </span>
     <span class='ocr_line' id='line_1_9' title="bbox 182 708 1560 763; baseline -0.001 -12"><span class='ocrx_word' id='word_1_49' title='bbox 182 711 271 763; x_wconf 88' lang='lat' dir='ltr'><strong>ipse</strong></span> <span class='ocrx_word' id='word_1_50' title='bbox 296 710 511 761; x_wconf 85' lang='lat' dir='ltr'><strong>genuisset,</strong></span> <span class='ocrx_word' id='word_1_51' title='bbox 539 722 619 749; x_wconf 91' lang='lat' dir='ltr'><strong>non</strong></span> <span class='ocrx_word' id='word_1_52' title='bbox 646 708 795 749; x_wconf 87' lang='lat' dir='ltr'><strong>vidisse</strong></span> <span class='ocrx_word' id='word_1_53' title='bbox 823 713 892 750; x_wconf 90' lang='lat' dir='ltr'><strong>aut</strong></span> <span class='ocrx_word' id='word_1_54' title='bbox 920 721 1056 749; x_wconf 85' lang='lat' dir='ltr'><strong>omnes</strong></span> <span class='ocrx_word' id='word_1_55' title='bbox 1083 721 1227 761; x_wconf 87' lang='lat' dir='ltr'><strong>pueros</strong></span> <span class='ocrx_word' id='word_1_56' title='bbox 1253 709 1393 751; x_wconf 82' lang='lat' dir='ltr'><strong>Flavio</strong></span> <span class='ocrx_word' id='word_1_57' title='bbox 1412 710 1560 750; x_wconf 88' lang='lat' dir='ltr'><strong>Earino</strong></span> 
     </span>
     <span class='ocr_line' id='line_1_10' title="bbox 184 772 1560 823; baseline -0.001 -10"><span class='ocrx_word' id='word_1_58' title='bbox 184 774 338 813; x_wconf 87' lang='lat' dir='ltr'><strong>formae</strong></span> <span class='ocrx_word' id='word_1_59' title='bbox 366 773 578 813; x_wconf 82' lang='lat' dir='ltr'><strong>dulcedine</strong></span> <span class='ocrx_word' id='word_1_60' title='bbox 605 773 825 823; x_wconf 88' lang='lat' dir='ltr'><strong>inferiores,</strong></span> <span class='ocrx_word' id='word_1_61' title='bbox 854 784 952 822; x_wconf 93' lang='lat' dir='ltr'><strong>quos</strong></span> <span class='ocrx_word' id='word_1_62' title='bbox 979 772 1138 822; x_wconf 91' lang='lat' dir='ltr'><strong>quidem</strong></span> <span class='ocrx_word' id='word_1_63' title='bbox 1158 773 1308 812; x_wconf 80' lang='lat' dir='ltr'><strong>Statius</strong></span> <span class='ocrx_word' id='word_1_64' title='bbox 1335 785 1414 813; x_wconf 89' lang='lat' dir='ltr'><strong>non</strong></span> <span class='ocrx_word' id='word_1_65' title='bbox 1440 773 1560 813; x_wconf 87' lang='lat' dir='ltr'><strong>vidis-</strong></span> 
     </span>
     <span class='ocr_line' id='line_1_11' title="bbox 185 836 1561 889; baseline 0 -12"><span class='ocrx_word' id='word_1_66' title='bbox 185 840 265 889; x_wconf 87' lang='lat' dir='ltr'><strong>set,</strong></span> <span class='ocrx_word' id='word_1_67' title='bbox 307 837 359 877; x_wconf 91' lang='lat' dir='ltr'><strong>ab</strong></span> <span class='ocrx_word' id='word_1_68' title='bbox 395 837 482 889; x_wconf 91' lang='lat' dir='ltr'><strong>ipso</strong></span> <span class='ocrx_word' id='word_1_69' title='bbox 518 840 638 889; x_wconf 86' lang='lat' dir='ltr'><strong>poeta</strong></span> <span class='ocrx_word' id='word_1_70' title='bbox 665 836 788 876; x_wconf 87' lang='lat' dir='ltr'><strong>fuisse</strong></span> <span class='ocrx_word' id='word_1_71' title='bbox 815 836 998 888; x_wconf 74' lang='lat' dir='ltr'><strong>genitos?</strong></span> <span class='ocrx_word' id='word_1_72' title='bbox 1053 836 1239 889; x_wconf 90' lang='lat' dir='ltr'><strong>Accedit,</strong></span> <span class='ocrx_word' id='word_1_73' title='bbox 1276 836 1381 888; x_wconf 90' lang='lat' dir='ltr'><strong>quod</strong></span> <span class='ocrx_word' id='word_1_74' title='bbox 1415 849 1561 889; x_wconf 88' lang='lat' dir='ltr'><strong>pueros</strong></span> 
     </span>
     <span class='ocr_line' id='line_1_12' title="bbox 184 900 1561 951; baseline 0 -12"><span class='ocrx_word' id='word_1_75' title='bbox 184 901 296 951; x_wconf 91' lang='lat' dir='ltr'><strong>illos,</strong></span> <span class='ocrx_word' id='word_1_76' title='bbox 338 913 437 950; x_wconf 88' lang='lat' dir='ltr'><strong>quos</strong></span> <span class='ocrx_word' id='word_1_77' title='bbox 470 905 591 951; x_wconf 88' lang='lat' dir='ltr'><strong>poeta</strong></span> <span class='ocrx_word' id='word_1_78' title='bbox 626 900 798 950; x_wconf 87' lang='lat' dir='ltr'><strong>exempli</strong></span> <span class='ocrx_word' id='word_1_79' title='bbox 834 900 966 949; x_wconf 87' lang='lat' dir='ltr'><strong>gratia</strong></span> <span class='ocrx_word' id='word_1_80' title='bbox 991 900 1183 950; x_wconf 87' lang='lat' dir='ltr'><strong>proximis</strong></span> <span class='ocrx_word' id='word_1_81' title='bbox 1210 900 1342 939; x_wconf 89' lang='lat' dir='ltr'><strong>verbis</strong></span> <span class='ocrx_word' id='word_1_82' title='bbox 1370 900 1561 951; x_wconf 88' lang='lat' dir='ltr'><strong>appellat,</strong></span> 
     </span>
     <span class='ocr_line' id='line_1_13' title="bbox 185 962 1561 1014; baseline 0 -12"><span class='ocrx_word' id='word_1_83' title='bbox 185 964 237 1002; x_wconf 94' lang='lat' dir='ltr'><strong>ab</strong></span> <span class='ocrx_word' id='word_1_84' title='bbox 256 963 344 1014; x_wconf 89' lang='lat' dir='ltr'><strong>ipso</strong></span> <span class='ocrx_word' id='word_1_85' title='bbox 363 974 492 1012; x_wconf 90' lang='lat' dir='ltr'><strong>neque</strong></span> <span class='ocrx_word' id='word_1_86' title='bbox 518 974 693 1012; x_wconf 89' lang='lat' dir='ltr'><strong>uuquam</strong></span> <span class='ocrx_word' id='word_1_87' title='bbox 721 965 955 1013; x_wconf 84' lang='lat' dir='ltr'><strong>conspectos</strong></span> <span class='ocrx_word' id='word_1_88' title='bbox 982 973 1111 1013; x_wconf 89' lang='lat' dir='ltr'><strong>neque</strong></span> <span class='ocrx_word' id='word_1_89' title='bbox 1136 962 1291 1013; x_wconf 88' lang='lat' dir='ltr'><strong>genitos</strong></span> <span class='ocrx_word' id='word_1_90' title='bbox 1319 974 1407 1002; x_wconf 88' lang='lat' dir='ltr'><strong>esse</strong></span> <span class='ocrx_word' id='word_1_91' title='bbox 1424 963 1561 1014; x_wconf 87' lang='lat' dir='ltr'><strong>liquet,</strong></span> 
     </span>
     <span class='ocr_line' id='line_1_14' title="bbox 185 1025 1562 1078; baseline 0 -13"><span class='ocrx_word' id='word_1_92' title='bbox 185 1027 304 1066; x_wconf 93' lang='lat' dir='ltr'><strong>immo</strong></span> <span class='ocrx_word' id='word_1_93' title='bbox 345 1026 470 1077; x_wconf 91' lang='lat' dir='ltr'><strong>tales,</strong></span> <span class='ocrx_word' id='word_1_94' title='bbox 517 1037 615 1076; x_wconf 90' lang='lat' dir='ltr'><strong>quos</strong></span> <span class='ocrx_word' id='word_1_95' title='bbox 656 1025 765 1065; x_wconf 86' lang='lat' dir='ltr'><strong>fama</strong></span> <span class='ocrx_word' id='word_1_96' title='bbox 809 1025 1036 1076; x_wconf 87' lang='lat' dir='ltr'><strong>fabulisque</strong></span> <span class='ocrx_word' id='word_1_97' title='bbox 1081 1027 1304 1066; x_wconf 82' lang='lat' dir='ltr'><strong>celebratos</strong></span> <span class='ocrx_word' id='word_1_98' title='bbox 1349 1026 1562 1078; x_wconf 88' lang='lat' dir='ltr'><strong>acceperit.</strong></span> 
     </span>
     <span class='ocr_line' id='line_1_15' title="bbox 186 1088 1562 1140; baseline -0.001 -11"><span class='ocrx_word' id='word_1_99' title='bbox 186 1090 290 1129; x_wconf 92' lang='lat' dir='ltr'><strong>Hinc</strong></span> <span class='ocrx_word' id='word_1_100' title='bbox 323 1089 445 1139; x_wconf 84' lang='lat' dir='ltr'><strong>igitur</strong></span> <span class='ocrx_word' id='word_1_101' title='bbox 478 1089 656 1138; x_wconf 89' lang='lat' dir='ltr'><strong>sequitur</strong></span> <span class='ocrx_word' id='word_1_102' title='bbox 691 1089 768 1128; x_wconf 92' lang='lat' dir='ltr'><strong>loci</strong></span> <span class='ocrx_word' id='word_1_103' title='bbox 803 1089 924 1128; x_wconf 87' lang='lat' dir='ltr'><strong>totius</strong></span> <span class='ocrx_word' id='word_1_104' title='bbox 958 1089 1181 1128; x_wconf 87' lang='lat' dir='ltr'><strong>sententiae</strong></span> <span class='ocrx_word' id='word_1_105' title='bbox 1207 1089 1371 1129; x_wconf 89' lang='lat' dir='ltr'><strong>verbum</strong></span> <span class='ocrx_word' id='word_1_106' title='bbox 1398 1088 1562 1140; x_wconf 87' lang='lat' dir='ltr'><strong>aliquod</strong></span> 
     </span>
     <span class='ocr_line' id='line_1_16' title="bbox 188 1151 1562 1202; baseline -0.001 -10"><span class='ocrx_word' id='word_1_107' title='bbox 188 1152 298 1192; x_wconf 89' lang='lat' dir='ltr'><strong>aliud</strong></span> <span class='ocrx_word' id='word_1_108' title='bbox 333 1151 471 1191; x_wconf 86' lang='lat' dir='ltr'><strong>deberi</strong></span> <span class='ocrx_word' id='word_1_109' title='bbox 507 1151 623 1190; x_wconf 90' lang='lat' dir='ltr'><strong>alteri</strong></span> <span class='ocrx_word' id='word_1_110' title='bbox 659 1151 719 1190; x_wconf 91' lang='lat' dir='ltr'><strong>illi</strong></span> <span class='ocrx_word' id='word_1_111' title='bbox 756 1151 898 1202; x_wconf 90' lang='lat' dir='ltr'><strong>,vidi’</strong></span> <span class='ocrx_word' id='word_1_112' title='bbox 933 1152 973 1191; x_wconf 91' lang='lat' dir='ltr'><strong>vi</strong></span> <span class='ocrx_word' id='word_1_113' title='bbox 999 1164 1073 1191; x_wconf 91' lang='lat' dir='ltr'><strong>sua</strong></span> <span class='ocrx_word' id='word_1_114' title='bbox 1101 1151 1154 1191; x_wconf 90' lang='lat' dir='ltr'><strong>ad</strong></span> <span class='ocrx_word' id='word_1_115' title='bbox 1182 1152 1389 1191; x_wconf 89' lang='lat' dir='ltr'><strong>scientiam</strong></span> <span class='ocrx_word' id='word_1_116' title='bbox 1417 1155 1457 1191; x_wconf 91' lang='lat' dir='ltr'><strong>et</strong></span> <span class='ocrx_word' id='word_1_117' title='bbox 1483 1164 1562 1191; x_wconf 88' lang='lat' dir='ltr'><strong>me-</strong></span> 
     </span>
     <span class='ocr_line' id='line_1_17' title="bbox 186 1214 1564 1266; baseline 0 -12"><span class='ocrx_word' id='word_1_118' title='bbox 186 1215 353 1254; x_wconf 87' lang='lat' dir='ltr'><strong>moriam</strong></span> <span class='ocrx_word' id='word_1_119' title='bbox 380 1214 593 1254; x_wconf 85' lang='lat' dir='ltr'><strong>referenda</strong></span> <span class='ocrx_word' id='word_1_120' title='bbox 629 1227 703 1266; x_wconf 87' lang='lat' dir='ltr'><strong>par</strong></span> <span class='ocrx_word' id='word_1_121' title='bbox 732 1219 771 1253; x_wconf 85' lang='lat' dir='ltr'><strong>et</strong></span> <span class='ocrx_word' id='word_1_122' title='bbox 798 1214 1099 1254; x_wconf 88' lang='lat' dir='ltr'><strong>accomodatum</strong></span> <span class='ocrx_word' id='word_1_123' title='bbox 1122 1215 1416 1265; x_wconf 71' lang='lat' dir='ltr'><strong>-atqueJatiore</strong></span> <span class='ocrx_word' id='word_1_124' title='bbox 1443 1215 1564 1255; x_wconf 91' lang='lat' dir='ltr'><strong>etiam</strong></span> 
     </span>
     <span class='ocr_line' id='line_1_18' title="bbox 185 1276 1563 1329; baseline 0 -12"><span class='ocrx_word' id='word_1_125' title='bbox 185 1278 256 1317; x_wconf 92' lang='lat' dir='ltr'><strong>illo</strong></span> <span class='ocrx_word' id='word_1_126' title='bbox 298 1278 458 1318; x_wconf 90' lang='lat' dir='ltr'><strong>notione</strong></span> <span class='ocrx_word' id='word_1_127' title='bbox 498 1276 744 1329; x_wconf 88' lang='lat' dir='ltr'><strong>praeditum,</strong></span> <span class='ocrx_word' id='word_1_128' title='bbox 786 1282 830 1317; x_wconf 89' lang='lat' dir='ltr'><strong>ut</strong></span> <span class='ocrx_word' id='word_1_129' title='bbox 870 1277 1053 1328; x_wconf 86' lang='lat' dir='ltr'><strong>gradatio</strong></span> <span class='ocrx_word' id='word_1_130' title='bbox 1093 1282 1282 1318; x_wconf 87' lang='lat' dir='ltr'><strong>nascatur</strong></span> <span class='ocrx_word' id='word_1_131' title='bbox 1323 1278 1563 1318; x_wconf 84' lang='lat' dir='ltr'><strong>desiderata.</strong></span> 
     </span>
     <span class='ocr_line' id='line_1_19' title="bbox 189 1340 1565 1394; baseline -0.001 -13"><span class='ocrx_word' id='word_1_132' title='bbox 189 1341 291 1381; x_wconf 86' lang='lat' dir='ltr'><strong>Tale</strong></span> <span class='ocrx_word' id='word_1_133' title='bbox 326 1344 459 1381; x_wconf 90' lang='lat' dir='ltr'><strong>autem</strong></span> <span class='ocrx_word' id='word_1_134' title='bbox 494 1341 609 1381; x_wconf 90' lang='lat' dir='ltr'><strong>nobis</strong></span> <span class='ocrx_word' id='word_1_135' title='bbox 644 1353 687 1380; x_wconf 87' lang='lat' dir='ltr'><strong>se</strong></span> <span class='ocrx_word' id='word_1_136' title='bbox 722 1340 839 1381; x_wconf 88' lang='lat' dir='ltr'><strong>offert</strong></span> <span class='ocrx_word' id='word_1_137' title='bbox 878 1342 1042 1381; x_wconf 88' lang='lat' dir='ltr'><strong>verbum</strong></span> <span class='ocrx_word' id='word_1_138' title='bbox 1076 1341 1241 1394; x_wconf 83' lang='lat' dir='ltr'><strong>‚tenui’</strong></span> <span class='ocrx_word' id='word_1_139' title='bbox 1283 1354 1360 1393; x_wconf 93' lang='lat' dir='ltr'><strong>quo</strong></span> <span class='ocrx_word' id='word_1_140' title='bbox 1401 1341 1565 1382; x_wconf 84' lang='lat' dir='ltr'><strong>delicati</strong></span> 
     </span>
     <span class='ocr_line' id='line_1_20' title="bbox 192 1404 1566 1457; baseline 0 -12"><span class='ocrx_word' id='word_1_141' title='bbox 192 1404 329 1457; x_wconf 87' lang='lat' dir='ltr'><strong>specie</strong></span> <span class='ocrx_word' id='word_1_142' title='bbox 356 1405 534 1455; x_wconf 86' lang='lat' dir='ltr'><strong>insignes</strong></span> <span class='ocrx_word' id='word_1_143' title='bbox 561 1405 601 1444; x_wconf 91' lang='lat' dir='ltr'><strong>in</strong></span> <span class='ocrx_word' id='word_1_144' title='bbox 630 1405 968 1457; x_wconf 84' lang='lat' dir='ltr'><strong>comparationem</strong></span> <span class='ocrx_word' id='word_1_145' title='bbox 987 1418 1012 1445; x_wconf 92' lang='lat' dir='ltr'><strong>a</strong></span> <span class='ocrx_word' id='word_1_146' title='bbox 1030 1410 1151 1457; x_wconf 87' lang='lat' dir='ltr'><strong>poeta</strong></span> <span class='ocrx_word' id='word_1_147' title='bbox 1176 1409 1367 1446; x_wconf 90' lang='lat' dir='ltr'><strong>vocantur</strong></span> <span class='ocrx_word' id='word_1_148' title='bbox 1393 1406 1566 1457; x_wconf 88' lang='lat' dir='ltr'><strong>superio-</strong></span> 
     </span>
     <span class='ocr_line' id='line_1_21' title="bbox 188 1467 1566 1520; baseline -0.001 -12"><span class='ocrx_word' id='word_1_149' title='bbox 188 1471 378 1519; x_wconf 89' lang='lat' dir='ltr'><strong>ribusque</strong></span> <span class='ocrx_word' id='word_1_150' title='bbox 413 1468 496 1507; x_wconf 85' lang='lat' dir='ltr'><strong>illis</strong></span> <span class='ocrx_word' id='word_1_151' title='bbox 530 1468 618 1506; x_wconf 89' lang='lat' dir='ltr'><strong>visu</strong></span> <span class='ocrx_word' id='word_1_152' title='bbox 653 1468 758 1507; x_wconf 87' lang='lat' dir='ltr'><strong>notis</strong></span> <span class='ocrx_word' id='word_1_153' title='bbox 790 1467 1077 1518; x_wconf 85' lang='lat' dir='ltr'><strong>adiunguntur,</strong></span> <span class='ocrx_word' id='word_1_154' title='bbox 1118 1480 1216 1518; x_wconf 89' lang='lat' dir='ltr'><strong>quos</strong></span> <span class='ocrx_word' id='word_1_155' title='bbox 1251 1472 1371 1520; x_wconf 84' lang='lat' dir='ltr'><strong>poeta</strong></span> <span class='ocrx_word' id='word_1_156' title='bbox 1398 1472 1566 1507; x_wconf 86' lang='lat' dir='ltr'><strong>tantum-</strong></span> 
     </span>
    </p>
   </div>
   <div class='ocr_carea' id='block_1_4' title="bbox 189 1530 1566 1636">
    <p class='ocr_par' dir='ltr' id='par_1_4' title="bbox 189 1530 1566 1636">
     <span class='ocr_line' id='line_1_22' title="bbox 189 1530 1566 1583; baseline 0.001 -11"><span class='ocrx_word' id='word_1_157' title='bbox 189 1531 308 1572; x_wconf 90' lang='lat' dir='ltr'><strong>modo</strong></span> <span class='ocrx_word' id='word_1_158' title='bbox 336 1530 527 1571; x_wconf 89' lang='lat' dir='ltr'><strong>memoria</strong></span> <span class='ocrx_word' id='word_1_159' title='bbox 556 1531 712 1583; x_wconf 89' lang='lat' dir='ltr'><strong>accepit</strong></span> <span class='ocrx_word' id='word_1_160' title='bbox 740 1535 779 1570; x_wconf 91' lang='lat' dir='ltr'><strong>et</strong></span> <span class='ocrx_word' id='word_1_161' title='bbox 806 1534 937 1570; x_wconf 90' lang='lat' dir='ltr'><strong>mente</strong></span> <span class='ocrx_word' id='word_1_162' title='bbox 964 1535 1072 1571; x_wconf 88' lang='lat' dir='ltr'><strong>tenet</strong></span> <span class='ocrx_word' id='word_1_163' title='bbox 1099 1532 1163 1571; x_wconf 88' lang='lat' dir='ltr'><strong>vel</strong></span> <span class='ocrx_word' id='word_1_164' title='bbox 1191 1543 1365 1582; x_wconf 91' lang='lat' dir='ltr'><strong>unquam</strong></span> <span class='ocrx_word' id='word_1_165' title='bbox 1391 1533 1566 1573; x_wconf 88' lang='lat' dir='ltr'><strong>tenebat.</strong></span> 
     </span>
     <span class='ocr_line' id='line_1_23' title="bbox 189 1594 651 1636; baseline -0.011 0"><span class='ocrx_word' id='word_1_166' title='bbox 189 1596 247 1636; x_wconf 82' lang='lat' dir='ltr'><strong>Of.</strong></span> <span class='ocrx_word' id='word_1_167' title='bbox 276 1595 401 1634; x_wconf 88' lang='lat' dir='ltr'><strong>Theb.</strong></span> <span class='ocrx_word' id='word_1_168' title='bbox 431 1595 527 1633; x_wconf 93' lang='lat' dir='ltr'><strong>VIII</strong></span> <span class='ocrx_word' id='word_1_169' title='bbox 554 1594 651 1632; x_wconf 80' lang='lat'>510:</span> 
     </span>
    </p>
   </div>
   <div class='ocr_carea' id='block_1_5' title="bbox 418 1668 1103 1717">
    <p class='ocr_par' dir='ltr' id='par_1_5' title="bbox 418 1668 1103 1717">
     <span class='ocr_line' id='line_1_24' title="bbox 418 1668 1103 1717; baseline 0 -13"><span class='ocrx_word' id='word_1_170' title='bbox 418 1673 579 1717; x_wconf 82' lang='lat' dir='ltr'><strong>,teneo</strong></span> <span class='ocrx_word' id='word_1_171' title='bbox 607 1672 880 1716; x_wconf 86' lang='lat' dir='ltr'><strong>aeternumque</strong></span> <span class='ocrx_word' id='word_1_172' title='bbox 908 1668 1103 1716; x_wconf 86' lang='lat' dir='ltr'><strong>tenebo,</strong></span> 
     </span>
    </p>
   </div>
   <div class='ocr_carea' id='block_1_6' title="bbox 293 1720 1460 1810">
    <p class='ocr_par' dir='ltr' id='par_1_6' title="bbox 293 1720 1460 1810">
     <span class='ocr_line' id='line_1_25' title="bbox 295 1720 1460 1771; baseline 0 -13"><span class='ocrx_word' id='word_1_173' title='bbox 295 1720 485 1766; x_wconf 79' lang='lat' dir='ltr'><strong>Quantum</strong></span> <span class='ocrx_word' id='word_1_174' title='bbox 512 1721 607 1757; x_wconf 86' lang='lat' dir='ltr'><strong>haec</strong></span> <span class='ocrx_word' id='word_1_175' title='bbox 636 1720 725 1757; x_wconf 81' lang='lat' dir='ltr'><strong>diva</strong></span> <span class='ocrx_word' id='word_1_176' title='bbox 753 1733 896 1769; x_wconf 85' lang='lat' dir='ltr'><strong>manus,</strong></span> <span class='ocrx_word' id='word_1_177' title='bbox 927 1722 1101 1769; x_wconf 88' lang='lat' dir='ltr'><strong>quotiens</strong></span> <span class='ocrx_word' id='word_1_178' title='bbox 1134 1721 1329 1758; x_wconf 84' lang='lat' dir='ltr'><strong>sudaverit</strong></span> <span class='ocrx_word' id='word_1_179' title='bbox 1355 1722 1460 1771; x_wconf 84' lang='lat' dir='ltr'><strong>aegis</strong></span> 
     </span>
     <span class='ocr_line' id='line_1_26' title="bbox 293 1773 516 1810; baseline -0.005 0"><span class='ocrx_word' id='word_1_180' title='bbox 293 1774 373 1810; x_wconf 83' lang='lat' dir='ltr'><strong>Ista</strong></span> <span class='ocrx_word' id='word_1_181' title='bbox 400 1773 516 1810; x_wconf 66' lang='lat' dir='ltr'><strong>mihi.⁹</strong></span> 
     </span>
    </p>
   </div>
   <div class='ocr_carea' id='block_1_7' title="bbox 189 1836 1567 2318">
    <p class='ocr_par' dir='ltr' id='par_1_7' title="bbox 189 1836 878 1888">
     <span class='ocr_line' id='line_1_27' title="bbox 189 1836 878 1888; baseline -0.003 -12"><span class='ocrx_word' id='word_1_182' title='bbox 189 1837 337 1877; x_wconf 91' lang='lat' dir='ltr'><strong>Auson.</strong></span> <span class='ocrx_word' id='word_1_183' title='bbox 367 1836 545 1888; x_wconf 87' lang='lat' dir='ltr'><strong>Sapient.</strong></span> <span class='ocrx_word' id='word_1_184' title='bbox 572 1836 726 1887; x_wconf 76' lang='lat' dir='ltr'><strong>prolog,</strong></span> <span class='ocrx_word' id='word_1_185' title='bbox 755 1848 780 1875; x_wconf 91' lang='lat' dir='ltr'><strong>v</strong></span> <span class='ocrx_word' id='word_1_186' title='bbox 808 1836 878 1875; x_wconf 88' lang='lat'><strong>31:</strong></span> 
     </span>
    </p>

    <p class='ocr_par' dir='ltr' id='par_1_8' title="bbox 443 1899 1038 1947">
     <span class='ocr_line' id='line_1_28' title="bbox 443 1899 1038 1947; baseline -0.003 -10"><span class='ocrx_word' id='word_1_187' title='bbox 443 1928 689 1947; x_wconf 87' lang='lat'><strong>.......</strong></span> <span class='ocrx_word' id='word_1_188' title='bbox 699 1899 767 1935; x_wconf 85' lang='lat' dir='ltr'><strong>sed</strong></span> <span class='ocrx_word' id='word_1_189' title='bbox 795 1900 827 1935; x_wconf 88' lang='lat' dir='ltr'><strong>si</strong></span> <span class='ocrx_word' id='word_1_190' title='bbox 855 1900 1038 1936; x_wconf 84' lang='lat' dir='ltr'><strong>memoria</strong></span> 
     </span>
    </p>

    <p class='ocr_par' dir='ltr' id='par_1_9' title="bbox 442 1951 1263 1995">
     <span class='ocr_line' id='line_1_29' title="bbox 442 1951 1263 1995; baseline 0 -7"><span class='ocrx_word' id='word_1_191' title='bbox 442 1952 570 1988; x_wconf 91' lang='lat' dir='ltr'><strong>Rebus</strong></span> <span class='ocrx_word' id='word_1_192' title='bbox 599 1953 760 1988; x_wconf 86' lang='lat' dir='ltr'><strong>vetustis</strong></span> <span class='ocrx_word' id='word_1_193' title='bbox 789 1952 926 1988; x_wconf 89' lang='lat' dir='ltr'><strong>cludit:</strong></span> <span class='ocrx_word' id='word_1_194' title='bbox 956 1952 1084 1988; x_wconf 88' lang='lat' dir='ltr'><strong>veniet</strong></span> <span class='ocrx_word' id='word_1_195' title='bbox 1110 1951 1263 1995; x_wconf 87' lang='lat' dir='ltr'><strong>Ludius,</strong></span> 
     </span>
    </p>

    <p class='ocr_par' dir='ltr' id='par_1_10' title="bbox 190 2004 1567 2318">
     <span class='ocr_line' id='line_1_30' title="bbox 443 2004 1328 2052; baseline 0 -11"><span class='ocrx_word' id='word_1_196' title='bbox 443 2004 689 2041; x_wconf 83' lang='lat' dir='ltr'><strong>Edisserator</strong></span> <span class='ocrx_word' id='word_1_197' title='bbox 715 2004 859 2052; x_wconf 84' lang='lat' dir='ltr'><strong>harum,</strong></span> <span class='ocrx_word' id='word_1_198' title='bbox 894 2015 986 2052; x_wconf 85' lang='lat' dir='ltr'><strong>quas</strong></span> <span class='ocrx_word' id='word_1_199' title='bbox 1014 2008 1153 2040; x_wconf 88' lang='lat' dir='ltr'><strong>teneo</strong></span> <span class='ocrx_word' id='word_1_200' title='bbox 1183 2005 1328 2041; x_wconf 83' lang='lat' dir='ltr'><strong>minus.&#39;</strong></span> 
     </span>
     <span class='ocr_line' id='line_1_31' title="bbox 190 2076 1567 2128; baseline 0.001 -11"><span class='ocrx_word' id='word_1_201' title='bbox 190 2078 280 2118; x_wconf 88' lang='lat' dir='ltr'><strong>Tib.</strong></span> <span class='ocrx_word' id='word_1_202' title='bbox 309 2078 329 2116; x_wconf 95' lang='lat' dir='ltr'><strong>I</strong></span> <span class='ocrx_word' id='word_1_203' title='bbox 356 2077 394 2127; x_wconf 81' lang='lat'><strong>2,</strong></span> <span class='ocrx_word' id='word_1_204' title='bbox 421 2077 492 2116; x_wconf 83' lang='lat'><strong>53:</strong></span> <span class='ocrx_word' id='word_1_205' title='bbox 530 2076 646 2128; x_wconf 88' lang='lat' dir='ltr'><strong>,Sola</strong></span> <span class='ocrx_word' id='word_1_206' title='bbox 682 2080 852 2116; x_wconf 89' lang='lat' dir='ltr'><strong>tenere</strong></span> <span class='ocrx_word' id='word_1_207' title='bbox 879 2077 1008 2117; x_wconf 88' lang='lat' dir='ltr'><strong>malas</strong></span> <span class='ocrx_word' id='word_1_208' title='bbox 1035 2076 1202 2117; x_wconf 89' lang='lat' dir='ltr'><strong>Medeae</strong></span> <span class='ocrx_word' id='word_1_209' title='bbox 1230 2077 1373 2118; x_wconf 89' lang='lat' dir='ltr'><strong>dicitur</strong></span> <span class='ocrx_word' id='word_1_210' title='bbox 1400 2077 1567 2119; x_wconf 59' lang='lat' dir='ltr'><strong>herbas?</strong></span> 
     </span>
     <span class='ocr_line' id='line_1_32' title="bbox 195 2140 1567 2193; baseline 0 -12"><span class='ocrx_word' id='word_1_211' title='bbox 195 2142 334 2181; x_wconf 85' lang='lat' dir='ltr'><strong>Horat.</strong></span> <span class='ocrx_word' id='word_1_212' title='bbox 370 2141 454 2180; x_wconf 90' lang='lat' dir='ltr'><strong>Sat.</strong></span> <span class='ocrx_word' id='word_1_213' title='bbox 482 2140 523 2179; x_wconf 95' lang='lat' dir='ltr'><strong>II</strong></span> <span class='ocrx_word' id='word_1_214' title='bbox 554 2141 593 2191; x_wconf 89' lang='grc'><strong>4,</strong></span> <span class='ocrx_word' id='word_1_215' title='bbox 629 2141 672 2190; x_wconf 85' lang='grc'><strong>8;</strong></span> <span class='ocrx_word' id='word_1_216' title='bbox 712 2141 786 2179; x_wconf 87' lang='lat' dir='ltr'><strong>Art</strong></span> <span class='ocrx_word' id='word_1_217' title='bbox 820 2144 925 2191; x_wconf 91' lang='lat' dir='ltr'><strong>poet.</strong></span> <span class='ocrx_word' id='word_1_218' title='bbox 962 2140 1057 2190; x_wconf 77' lang='lat'><strong>3363</strong></span> <span class='ocrx_word' id='word_1_219' title='bbox 1099 2141 1216 2191; x_wconf 88' lang='lat' dir='ltr'><strong>Verg.</strong></span> <span class='ocrx_word' id='word_1_220' title='bbox 1244 2141 1382 2192; x_wconf 83' lang='lat' dir='ltr'><strong>Eclog.</strong></span> <span class='ocrx_word' id='word_1_221' title='bbox 1410 2142 1470 2180; x_wconf 92' lang='lat' dir='ltr'><strong>IX</strong></span> <span class='ocrx_word' id='word_1_222' title='bbox 1495 2142 1567 2193; x_wconf 69' lang='lat'><strong>453</strong></span> 
     </span>
     <span class='ocr_line' id='line_1_33' title="bbox 193 2203 1566 2255; baseline 0 -11"><span class='ocrx_word' id='word_1_223' title='bbox 193 2205 337 2245; x_wconf 87' lang='lat' dir='ltr'><strong>Catull.</strong></span> <span class='ocrx_word' id='word_1_224' title='bbox 367 2204 430 2254; x_wconf 87' lang='lat'><strong>64,</strong></span> <span class='ocrx_word' id='word_1_225' title='bbox 458 2203 535 2242; x_wconf 83' lang='lat'><strong>209</strong></span> <span class='ocrx_word' id='word_1_226' title='bbox 565 2207 604 2242; x_wconf 94' lang='lat' dir='ltr'><strong>et</strong></span> <span class='ocrx_word' id='word_1_227' title='bbox 630 2204 720 2242; x_wconf 81' lang='lat'><strong>239.</strong></span> <span class='ocrx_word' id='word_1_228' title='bbox 766 2203 939 2243; x_wconf 89' lang='lat' dir='ltr'><strong>Martial.</strong></span> <span class='ocrx_word' id='word_1_229' title='bbox 965 2203 1021 2242; x_wconf 95' lang='lat' dir='ltr'><strong>IV</strong></span> <span class='ocrx_word' id='word_1_230' title='bbox 1048 2204 1111 2255; x_wconf 83' lang='lat'><strong>37,</strong></span> <span class='ocrx_word' id='word_1_231' title='bbox 1140 2205 1181 2255; x_wconf 81' lang='lat'><strong>73</strong></span> <span class='ocrx_word' id='word_1_232' title='bbox 1210 2203 1422 2245; x_wconf 88' lang='lat' dir='ltr'><strong>Claudiani</strong></span> <span class='ocrx_word' id='word_1_233' title='bbox 1440 2204 1566 2245; x_wconf 90' lang='lat' dir='ltr'><strong>Laud.</strong></span> 
     </span>
     <span class='ocr_line' id='line_1_34' title="bbox 192 2266 1103 2318; baseline -0.002 -10"><span class='ocrx_word' id='word_1_234' title='bbox 192 2267 346 2308; x_wconf 84' lang='lat' dir='ltr'><strong>Stilich.</strong></span> <span class='ocrx_word' id='word_1_235' title='bbox 374 2267 414 2306; x_wconf 92' lang='lat' dir='ltr'><strong>II</strong></span> <span class='ocrx_word' id='word_1_236' title='bbox 442 2267 507 2318; x_wconf 82' lang='lat'><strong>42,</strong></span> <span class='ocrx_word' id='word_1_237' title='bbox 535 2266 749 2307; x_wconf 84' lang='lat' dir='ltr'><strong>benefacta</strong></span> <span class='ocrx_word' id='word_1_238' title='bbox 776 2266 982 2318; x_wconf 79' lang='lat' dir='ltr'><strong>tenere3⁷</strong></span> <span class='ocrx_word' id='word_1_239' title='bbox 1010 2267 1103 2307; x_wconf 88' lang='lat' dir='ltr'><strong>alia.</strong></span> 
     </span>
    </p>
   </div>
   <div class='ocr_carea' id='block_1_8' title="bbox 191 2340 1568 2647">
    <p class='ocr_par' dir='ltr' id='par_1_11' title="bbox 191 2340 1568 2647">
     <span class='ocr_line' id='line_1_35' title="bbox 299 2340 1568 2382; baseline 0 0"><span class='ocrx_word' id='word_1_240' title='bbox 299 2342 411 2382; x_wconf 89' lang='lat' dir='ltr'><strong>Haec</strong></span> <span class='ocrx_word' id='word_1_241' title='bbox 445 2341 634 2381; x_wconf 89' lang='lat' dir='ltr'><strong>scribenti</strong></span> <span class='ocrx_word' id='word_1_242' title='bbox 661 2341 764 2381; x_wconf 72' lang='lat' dir='ltr'><strong>,mihi</strong></span> <span class='ocrx_word' id='word_1_243' title='bbox 798 2340 938 2380; x_wconf 91' lang='lat' dir='ltr'><strong>incidit</strong></span> <span class='ocrx_word' id='word_1_244' title='bbox 972 2342 1099 2381; x_wconf 90' lang='lat' dir='ltr'><strong>altera</strong></span> <span class='ocrx_word' id='word_1_245' title='bbox 1133 2342 1291 2382; x_wconf 88' lang='lat' dir='ltr'><strong>medela</strong></span> <span class='ocrx_word' id='word_1_246' title='bbox 1324 2346 1364 2382; x_wconf 93' lang='lat' dir='ltr'><strong>et</strong></span> <span class='ocrx_word' id='word_1_247' title='bbox 1397 2343 1456 2382; x_wconf 92' lang='lat' dir='ltr'><strong>rei</strong></span> <span class='ocrx_word' id='word_1_248' title='bbox 1483 2354 1568 2382; x_wconf 87' lang='lat' dir='ltr'><strong>sen-</strong></span> 
     </span>
     <span class='ocr_line' id='line_1_36' title="bbox 194 2404 1567 2455; baseline 0 -10"><span class='ocrx_word' id='word_1_249' title='bbox 194 2405 487 2454; x_wconf 84' lang='lat' dir='ltr'><strong>tentiarumque</strong></span> <span class='ocrx_word' id='word_1_250' title='bbox 514 2404 642 2443; x_wconf 87' lang='lat' dir='ltr'><strong>tenori</strong></span> <span class='ocrx_word' id='word_1_251' title='bbox 671 2408 710 2442; x_wconf 91' lang='lat' dir='ltr'><strong>et</strong></span> <span class='ocrx_word' id='word_1_252' title='bbox 736 2408 944 2455; x_wconf 90' lang='lat' dir='ltr'><strong>poetarum</strong></span> <span class='ocrx_word' id='word_1_253' title='bbox 963 2404 1172 2445; x_wconf 88' lang='lat' dir='ltr'><strong>locutionis</strong></span> <span class='ocrx_word' id='word_1_254' title='bbox 1198 2405 1418 2445; x_wconf 85' lang='lat' dir='ltr'><strong>variandae</strong></span> <span class='ocrx_word' id='word_1_255' title='bbox 1436 2405 1567 2445; x_wconf 86' lang='lat' dir='ltr'><strong>studio</strong></span> 
     </span>
     <span class='ocr_line' id='line_1_37' title="bbox 192 2467 1566 2520; baseline 0.001 -12"><span class='ocrx_word' id='word_1_256' title='bbox 192 2468 313 2508; x_wconf 89' lang='lat' dir='ltr'><strong>valde</strong></span> <span class='ocrx_word' id='word_1_257' title='bbox 375 2467 690 2508; x_wconf 85' lang='lat' dir='ltr'><strong>accommodata.</strong></span> <span class='ocrx_word' id='word_1_258' title='bbox 773 2467 943 2506; x_wconf 85' lang='lat' dir='ltr'><strong>Statium</strong></span> <span class='ocrx_word' id='word_1_259' title='bbox 1004 2468 1107 2508; x_wconf 89' lang='lat' dir='ltr'><strong>enim</strong></span> <span class='ocrx_word' id='word_1_260' title='bbox 1161 2469 1331 2508; x_wconf 86' lang='lat' dir='ltr'><strong>fortasse</strong></span> <span class='ocrx_word' id='word_1_261' title='bbox 1384 2468 1566 2520; x_wconf 82' lang='lat' dir='ltr'><strong>,eecini&#39;</strong></span> 
     </span>
     <span class='ocr_line' id='line_1_38' title="bbox 191 2531 1567 2584; baseline -0.001 -11"><span class='ocrx_word' id='word_1_262' title='bbox 191 2532 402 2584; x_wconf 86' lang='lat' dir='ltr'><strong>scripsisse</strong></span> <span class='ocrx_word' id='word_1_263' title='bbox 429 2536 512 2571; x_wconf 91' lang='lat' dir='ltr'><strong>tum</strong></span> <span class='ocrx_word' id='word_1_264' title='bbox 539 2531 694 2571; x_wconf 87' lang='lat' dir='ltr'><strong>ratione</strong></span> <span class='ocrx_word' id='word_1_265' title='bbox 721 2531 1075 2583; x_wconf 86' lang='lat' dir='ltr'><strong>palaeographica,</strong></span> <span class='ocrx_word' id='word_1_266' title='bbox 1110 2536 1192 2572; x_wconf 92' lang='lat' dir='ltr'><strong>tum</strong></span> <span class='ocrx_word' id='word_1_267' title='bbox 1220 2544 1294 2572; x_wconf 89' lang='lat' dir='ltr'><strong>usu</strong></span> <span class='ocrx_word' id='word_1_268' title='bbox 1313 2532 1428 2574; x_wconf 82' lang='lat' dir='ltr'><strong>huius</strong></span> <span class='ocrx_word' id='word_1_269' title='bbox 1454 2531 1567 2572; x_wconf 88' lang='lat' dir='ltr'><strong>verbi</strong></span> 
     </span>
     <span class='ocr_line' id='line_1_39' title="bbox 192 2594 1100 2647; baseline 0 -12"><span class='ocrx_word' id='word_1_270' title='bbox 192 2595 512 2647; x_wconf 88' lang='lat' dir='ltr'><strong>frequentissimo</strong></span> <span class='ocrx_word' id='word_1_271' title='bbox 540 2606 757 2634; x_wconf 89' lang='lat' dir='ltr'><strong>monemur.</strong></span> <span class='ocrx_word' id='word_1_272' title='bbox 813 2594 871 2635; x_wconf 83' lang='lat' dir='ltr'><strong>Of.</strong></span> <span class='ocrx_word' id='word_1_273' title='bbox 898 2595 938 2634; x_wconf 92' lang='grc' dir='ltr'>Π</span> <span class='ocrx_word' id='word_1_274' title='bbox 967 2596 1002 2646; x_wconf 84' lang='grc'><strong>7,</strong></span> <span class='ocrx_word' id='word_1_275' title='bbox 1034 2596 1100 2635; x_wconf 84' lang='lat'><strong>19:</strong></span> 
     </span>
    </p>
   </div>
  </div>
 </body>
</html>
