1744 2973
845 185 898 225 55

190 326 303 354 suam
330 313 392 352 his
419 313 604 353 absolvit:
643 314 748 365 ,Hoc
780 315 899 366 igitur
933 314 1192 355 certissimum
1221 316 1301 364 est,
1338 312 1553 363 ,Graiam

190 376 374 417 Sellen'
410 387 498 416 esse
521 375 690 429 Veliam,
719 377 1035 429 ,magistrum’
1070 377 1174 418 hunc
1202 375 1552 428 ,Palinurum'',

190 443 230 479 et
272 438 394 491 paulo
434 438 556 480 infra:
609 439 746 491 ,Recte
786 444 919 482 autem
960 441 1152 493 ,Velia’‚
1197 452 1278 491 qua
1321 439 1552 491 ,Palinurus

187 514 321 556 puppe
363 497 545 554 excidit',
586 503 732 556 quippe
772 504 997 560 Palinuri
1037 503 1420 557 promunturium
1465 506 1552 542 erat

186 566 299 606 iuxta
325 565 536 615 Veliam!
589 566 688 606 Inde
714 570 847 607 autem
874 567 994 606 etiam
1020 567 1196 617 sequitur
1227 567 1306 607 loci
1332 566 1406 606 illa
1431 566 1550 616 signi-

184 627 370 669 ficatione
413 627 641 669 Palinurum
686 641 713 669 a
754 632 873 682 poeta
923 628 1021 670 satis
1072 641 1268 682 superque
1319 628 1550 670 denotatum

184 691 421 744 minimeque
459 692 588 745 gentis
627 692 785 734 nomine
823 693 905 734 ullo
946 705 1045 746 opus
1085 705 1173 734 esse
1212 693 1395 745 amplius,
1442 693 1549 745 quod

185 754 344 807 quidem
387 755 462 796 viri
494 755 621 796 -docti
663 755 755 796 huic
798 756 928 797 versui
972 756 1117 796 inferre
1162 755 1394 808 studebant,
1439 757 1549 797 velut

183 818 441 858 Avantius:
463 818 1119 871 ,Phrygius',Bael1rensius:
1139 819 1549 871 ,Troius’,Koest·

185 881 395 929 linius:¹)
424 882 640 932 ,Parius.'
1539 904 1542 906 ,

291 955 436 1009 Veram
462 959 596 1006 autem
622 955 859 996 emendandi
884 956 1078 996 rationem
1104 956 1301 1007 inibimus,
1329 956 1363 996 si
1390 955 1444 996 ad
1471 956 1546 1008 pri-

185 1018 352 1071 marium
390 1019 543 1072 Papinii
575 1019 723 1060 fontem
757 1019 918 1070 eiusque
952 1019 1106 1071 insigne
1140 1019 1357 1061 carminum
1391 1033 1546 1072 compo-

184 1081 403 1123 nendorum
435 1083 650 1136 exemplar,
692 1082 745 1122 ad
771 1082 937 1133 Vergilii
963 1082 1155 1134 Aeneida,
1189 1095 1261 1124 nos
1295 1084 1545 1124 retulerimus

181 1146 473 1201 praecipueque
507 1147 651 1198 locum,
689 1146 757 1187 ubi
790 1146 967 1186 Palinuri
1001 1159 1116 1187 casus
1151 1150 1346 1198 narratur,
1391 1160 1545 1200 compo-

182 1209 388 1251 suerimus.
441 1210 475 1249 V
504 1209 578 1249 857
607 1221 716 1260 seqq.
748 1209 852 1248 enim
879 1209 1045 1260 legimus
1071 1209 1189 1250 haec:

262 1283 360 1331 ,Vix
386 1284 528 1333 primos
556 1283 710 1332 inopina
736 1283 843 1331 quies
869 1283 1068 1320 laxaverat
1095 1271 1220 1320 artus·

260 1336 313 1373 Et
338 1336 670 1386 superincumbens
698 1347 782 1373 cum
808 1336 944 1385 puppis
971 1339 1081 1384 parte
1106 1336 1259 1374 revolsa

264 1388 434 1436 Cumque
460 1388 689 1437 gubernaclo
715 1388 878 1437 liquidas
905 1389 1067 1437 proiecit
1092 1389 1131 1425 in
1158 1388 1277 1425 undas

258 1441 580 1491 Praecipitem
606 1452 651 1478 ac
678 1441 801 1478 socios
828 1440 1055 1489 nequiquam
1082 1452 1198 1490 saepe
1225 1441 1464 1489 vocantem?

182 1525 345 1564 quorum
372 1525 554 1553 versuum
580 1524 791 1552 memorem
818 1511 987 1552 Statium
1014 1512 1199 1564 scripisse
1226 1514 1422 1565 suspicor:

341 1587 418 1636 ,Te
445 1586 492 1624 de
518 1590 631 1636 gente
658 1598 765 1623 suum
790 1585 909 1622 Latiis
937 1585 1084 1623 adscita
1110 1586 1252 1623 colonis

338 1639 454 1676 Graia
479 1640 597 1676 refert
624 1638 737 1689 Selle,
763 1646 928 1688 pronus
955 1650 1030 1687 qua
1056 1651 1183 1688 puppe
1210 1640 1391 1689 magister

339 1692 496 1729 Excidit
523 1696 562 1728 et
590 1691 723 1728 mediis
752 1691 867 1728 miser
891 1691 1069 1740 vigilavit
1094 1692 1135 1729 in
1159 1691 1297 1730 undis?

186 1765 245 1806 Cf.
273 1765 371 1806 Aen.
399 1764 434 1803 V
463 1763 537 1803 172
566 1766 606 1804 et
631 1764 710 1804 860
736 1767 776 1804 et
802 1762 879 1803 214
908 1766 948 1803 et
972 1763 1071 1813 3323
1097 1764 1118 1803 I
1147 1763 1239 1804 112:

262 1840 418 1889 ,Unam,
446 1850 543 1888 quae
569 1839 708 1889 Lycios
735 1839 926 1889 fidumque
953 1838 1117 1877 vehebat
1144 1838 1337 1889 Orontem,

265 1892 389 1942 Ipsius
416 1895 505 1929 ante
532 1892 662 1930 oculos
688 1892 820 1942 ingens
847 1904 871 1928 a
897 1891 1042 1928 vertice
1067 1895 1204 1941 pontus

261 1945 305 1981 In
331 1945 487 1994 puppim
514 1945 621 1982 ferit:
650 1945 915 1994 ,excutitur
941 1956 1214 1993 pronusque
1242 1945 1470 1994 magister

260 1996 437 2034 Volvitur
462 1997 501 2033 in
528 1997 680 2046 caput3'

182 2067 297 2109 ovid.
324 2069 418 2111 Met.
444 2069 505 2109 XI
532 2069 625 2110 791:

422 2173 587 2194 .....
595 2145 686 2182 furit
711 2144 895 2194 Aesacus,
923 2145 1037 2194 inque
1063 2144 1288 2195 profundum

419 2199 599 2236 Pronus
627 2198 766 2246 abit3'

181 2269 277 2310 ibid.
305 2270 325 2310 I
359 2270 436 2311 376
468 2275 508 2311 et
534 2271 630 2311 VIH
656 2271 753 2321 3793
794 2271 919 2312 Theb.
946 2273 980 2309 V
1005 2270 1102 2321 5263
1142 2272 1200 2310 VI
1227 2270 1323 2321 902;
1363 2271 1421 2310 IX
1448 2271 1545 2323 259;

181 2333 241 2372 XI
268 2334 365 2386 6883
393 2335 488 2375 Silv.
517 2334 551 2374 V
583 2334 616 2385 l,
648 2335 741 2384 1113
769 2334 839 2374 Sil.
868 2335 957 2375 Ital.
985 2335 1061 2374 VH
1088 2335 1182 2385 2163
1209 2334 1324 2373 XVII
1350 2333 1414 2374 44.

270 2460 298 2505 ¹)
316 2460 437 2497 Philol.
459 2461 529 2496 vol.
552 2460 679 2494 XXXV
700 2471 734 2503 p.
757 2460 829 2494 514.

741 2601 989 2608 ——-—-——
