1744 2973
515 432 877 496 Guilelmus
916 434 1163 496 Waller

683 547 739 592 de
771 547 864 592 vita
898 561 999 593 sua.

263 745 383 783 Natus
410 758 490 784 sum
517 759 551 786 a.
570 748 607 786 d.
626 749 682 785 111
708 749 805 790 Non.
823 749 904 786 Jan.
923 747 1175 785 MDGOGLIX
1193 747 1232 784 in
1249 745 1332 784 vico
1359 747 1521 795 regionis

160 806 436 853 Bythomiensis
464 810 618 847 silesiae
646 812 860 859 superioris,
888 811 947 848 cui
972 813 1193 859 nomen‚est
1209 809 1521 858 Miechowitz,

161 880 208 906 ex
232 872 447 917 parentibus
473 873 615 910 Paulo
644 876 682 911 et
705 874 899 911 Rosalia
924 874 1046 921 gentis
1063 872 1398 920 Bontzekianae,
1426 883 1522 919 quos

160 932 280 970 adhuc
296 934 403 972 vivos
421 946 506 973 esse
523 936 680 987 gaudeo.
715 936 846 974 Fidem
863 936 1039 984 profiteor
1052 936 1283 974 catholicam.
1316 935 1521 982 Postquam

160 996 342 1034 elementa
366 998 405 1035 in
430 998 519 1037 ludo
546 1000 695 1047 publico
725 999 850 1049 didici,
875 1011 969 1048 puer
985 1000 1057 1037 XII
1084 1010 1262 1037 annorum
1289 998 1519 1046 gymnasium

156 1060 419 1107 Bythomiense
454 1062 688 1110 frequentare
724 1064 853 1112 coepi,
881 1064 939 1101 cui
965 1064 1031 1102 Dr.
1057 1063 1149 1111 phil.
1177 1063 1237 1101 W.
1266 1062 1308 1101 G.
1337 1062 1520 1109 Kayser

157 1125 234 1160 tum
272 1128 453 1172 praeerat.
513 1125 621 1164 Hunc
645 1138 832 1175 >quosque
871 1127 1001 1165 habuit
1040 1136 1277 1165 successores
1316 1125 1400 1163 Drr.
1426 1124 1518 1173 phil.

160 1186 211 1223 H.
230 1188 442 1226 Wentzel
469 1193 507 1226 et
533 1190 574 1227 G.
592 1191 753 1228 Bruell
778 1202 849 1228 nec
875 1192 995 1228 minus
1024 1190 1065 1228 G.
1092 1190 1378 1237 Floeckner,
1405 1188 1520 1228 theol.

160 1249 224 1289 Dr.
254 1253 292 1288 et
314 1251 429 1300 Prof.,
459 1255 496 1289 et
521 1253 587 1292 Dr.
611 1253 703 1300 phil.
733 1253 776 1290 Ε.
803 1254 978 1303 Heuer,
1012 1254 1113 1290 viros
1141 1253 1389 1300 doctissimos,
1417 1254 1522 1299 grata

157 1314 297 1360 pietate
322 1318 553 1364 prosecutus,
580 1319 778 1363 postquam
805 1319 948 1354 aestate
975 1328 1008 1353 a.
1027 1316 1064 1355 h.
1084 1328 1115 1354 s.
1134 1315 1274 1354 LXXX
1299 1316 1520 1353 maturitatis

157 1377 406 1432 testimonium
430 1378 636 1426 impetravi,
668 1378 764 1416 hanc
789 1379 922 1415 almam
953 1381 1105 1415 matrem
1125 1378 1338 1415 Viadrinam
1364 1378 1452 1425 adii,
1480 1381 1522 1415 ut

157 1440 289 1478 studiis
308 1451 458 1489 operam
477 1441 602 1479 darem
619 1442 867 1490 philologieis.
910 1441 1170 1480 Hermanno
1188 1441 1234 1480 A.
1254 1440 1523 1479 Schwanert

155 1507 298 1542 rectore
316 1502 523 1554 magnifico,
552 1505 717 1546 carolo
731 1506 893 1543 Weinh
903 1506 979 1543 old
1004 1506 1309 1554 philosophorum
1336 1505 1521 1543 facultatis

158 1568 300 1606 decano
334 1570 373 1606 in
406 1570 539 1607 civium
566 1570 865 1617 ‘academicorum
899 1581 1088 1607 numerum
1121 1571 1294 1617 receptus
1334 1580 1403 1617 per
1435 1571 1519 1607 octo

157 1633 349 1670 semestria
376 1633 514 1670 scholis
541 1634 691 1671 interfui
716 1634 972 1682 philologieis,
1003 1633 1292 1681 philosophicis,
1320 1633 1519 1681 historicis,

155 1695 413 1743 geographicis
445 1708 505 1733 vv.
540 1697 593 1734 ill.
633 1696 911 1745 Baeumker,
953 1695 1086 1744 Caro,
1126 1696 1340 1744 Dilthey,
1374 1696 1522 1744 Dove,

155 1758 318 1806 Hertz,
369 1759 530 1807 Niese,
574 1753 789 1808 Partsfih,
833 1759 1208 1807 Reifferscheid,
1253 1758 1520 1806 Rossbach,

157 1819 342 1869 Weber,
376 1821 633 1858 Weinhold.
690 1822 883 1859 Seminarii
916 1821 1009 1868 regii
1042 1821 1259 1869 philologici
1293 1821 1433 1859 sodalis
1468 1821 1523 1857 fui

153 1894 222 1931 per
272 1895 406 1921 annum
451 1885 779 1933 extraordinarius,
822 1895 890 1932 per
941 1885 1015 1921 duo
1069 1885 1261 1922 semestria
1313 1884 1518 1922 ordinarius

158 1957 359 1995 eorumque
402 1959 470 1995 per
512 1959 624 1985 unum
667 1948 809 1991 sodalis
853 1948 1003 1985 maximi
1046 1959 1197 1985 munere
1241 1947 1388 1985 functus
1429 1958 1519 1984 sum.

154 2011 353 2048 Praeterea
380 2011 566 2048 seminarii
591 2012 790 2059 germanici
814 2010 1112 2061 exercitationes,
1145 2012 1280 2058 quibus
1297 2013 1467 2059 praeerat
1483 2021 1518 2046 v.

156 2075 202 2112 cl.
231 2073 272 2112 O.
300 2074 566 2122 Weinhold,
593 2085 662 2121 per
688 2074 761 2111 duo
790 2075 983 2112 semestria
1010 2074 1255 2121 frequentavi.

259 2148 567 2194 Praeceptoribus
596 2148 784 2197 omnibus,
813 2148 877 2196 qui
902 2148 1017 2186 variis
1043 2147 1234 2186 beneficiis
1261 2159 1320 2184 me
1347 2146 1520 2184 devinxe-

154 2210 245 2258 rint,
292 2210 429 2258 gratias
477 2222 547 2258 ago
589 2222 700 2258 quam
741 2212 920 2248 maximas
962 2221 1163 2258 eorumque
1204 2210 1414 2248 memoriam
1438 2206 1516 2256 'pio

156 2284 303 2321 semper
327 2275 509 2321 gratoque
536 2274 656 2312 animo
685 2275 919 2323 complectar.
