1744 2973
844 178 897 219 24

774 309 814 352 II
847 309 890 361 6,
927 309 970 352 6.

179 392 224 430 V.
242 394 284 429 4:
309 392 472 439 ,Durum
501 396 540 428 et
568 392 710 429 deserti
738 395 943 441 praerepta
971 392 1131 440 coniuge
1157 395 1304 440 partem

311 443 561 482 Conelamare
590 445 676 491 tori,
706 449 852 481 maesta
880 448 919 480 et
946 445 1112 481 lamenta
1140 456 1312 481 sororum

312 497 364 533 Et
392 498 551 534 fratrum
578 498 759 546 gemitus:
789 497 843 533 ad
872 501 919 533 te
947 501 1073 534 tamen
1102 501 1148 533 at
1174 498 1307 546 procul
1335 498 1451 533 intrat

311 550 430 600 Plaga
458 550 600 587 minor:
629 550 812 587 famulum
841 550 1034 599 (quoniam
1062 561 1187 587 rerum
1216 550 1343 587 omnia
1370 561 1486 587 caeca

311 602 374 640 Sie
403 604 538 640 miscet
564 603 732 641 Fortuna
759 616 870 641 manu
899 616 970 641 nee
996 607 1153 653 pectora
1180 604 1314 652 novit),

312 656 386 693 Sed
417 657 597 693 famulum
625 657 757 706 gemis,
786 656 897 705 Urse,
924 657 1027 706 pium
1057 656 1141 694 ete?

282 740 330 778 V.
369 741 393 779 6
435 730 699 791 antiquissimi
743 740 901 780 codices
944 744 983 779 et
1023 740 1085 779 ed.
1127 753 1186 791 pr.
1228 739 1416 779 exhibent
1456 739 1555 779 haee

175 803 300 842 verba
328 803 500 855 pessime
529 803 750 855 depravata
787 803 865 854 ,ad
901 807 947 842 te
982 807 1142 842 tamen
1177 803 1252 843 at'.
1307 802 1554 855 Corruptela,

177 878 281 916 quae
309 866 349 905 in
377 866 521 906 litteris
550 867 630 918 ,ad
658 868 719 906 te'
748 868 864 918 latet,
894 866 986 906 inde
1013 866 1171 906 videtur
1199 870 1286 906 orta
1314 879 1420 917 esse,
1450 865 1555 917 quod

178 929 366 969 librarius
400 929 562 980 quidam
596 930 637 968 in
672 930 746 969 hac
780 930 909 969 altera
944 929 1165 969 sententiae
1205 933 1320 980 parte
1360 929 1555 980 signifiea-

176 992 324 1032 tionem
359 1005 556 1045 personae
591 992 814 1045 pronomini
850 992 1114 1044 ,quisquis’
1150 1005 1185 1032 V.
1223 994 1256 1032 1.
1293 992 1555 1045 opponendae

176 1055 446 1096 desiderabat.
500 1057 558 1095 Re
593 1069 689 1095 vera
723 1060 857 1095 tamen
884 1069 963 1096 non
991 1061 1074 1095 tam
1101 1056 1320 1106 lugentium
1347 1068 1554 1108 personae,

175 1130 295 1168 quam
337 1119 496 1159 diversa
538 1118 688 1159 doloris
730 1119 937 1169 luctusque
985 1131 1134 1170 genera
1175 1131 1325 1159 summo
1367 1123 1555 1159 accentus

175 1182 352 1233 pondere
386 1186 628 1234 premuntur.
684 1183 823 1233 ltaque
856 1195 908 1232 ,ex
943 1182 1021 1222 loei
1058 1182 1182 1222 nostri
1210 1182 1442 1222 condicione
1471 1194 1554 1222 sen-

174 1245 465 1297 tentiarumque
507 1259 659 1287 conexu
702 1247 866 1287 alterius
908 1246 1041 1286 mendi
1084 1247 1166 1298 ,at’
1208 1247 1249 1286 in
1291 1247 1379 1298 ,ae'
1415 1247 1556 1286 mutati

177 1309 455 1349 emendatione
490 1310 680 1361 probata,
723 1309 776 1349 ad
818 1310 986 1349 alterum
1022 1321 1194 1349 errorem
1231 1309 1451 1349 tollendum
1486 1308 1554 1348 ad-

174 1371 353 1411 verbium
399 1372 562 1423 aliquod
607 1372 687 1423 illi,
735 1372 841 1423 quod
889 1372 1083 1423 sequitur,
1142 1373 1331 1424 ,procul
1385 1372 1554 1413 altius’
1613 1380 1615 1382 ’

175 1434 496 1475 adsimulandum
539 1436 867 1487 investigabimus
911 1436 1054 1485 spretis
1096 1436 1277 1475 omnibus
1319 1436 1554 1476 coniecturis

176 1498 307 1539 adhuc
335 1499 515 1551 prolatis.
561 1499 664 1540 Nam
693 1512 753 1551 ea,
783 1512 902 1551 quam
929 1499 1175 1539 Domitius
1204 1499 1440 1540 Calderinus
1467 1513 1554 1552 pro-

172 1564 318 1615 posuit,
346 1563 441 1603 licet
468 1564 509 1602 in
538 1564 671 1603 omnia
698 1564 782 1603 fere
810 1564 1033 1616 posteriora
1061 1563 1308 1615 exemplaria
1335 1564 1386 1603 sit
1413 1576 1554 1616 propa-

173 1630 290 1677 gata,
332 1638 461 1677 neque
496 1627 676 1678 intellegi
713 1639 842 1678 neque
878 1628 1072 1679 explicari
1108 1631 1175 1666 aut
1203 1639 1276 1666 usu
1304 1627 1555 1679 comprobari

172 1694 323 1741 potest,
372 1690 414 1728 id
456 1690 563 1741 quod
605 1691 790 1742 exempla
832 1690 903 1730 illa
944 1690 1014 1730 Sil.
1056 1690 1147 1730 Ital.
1190 1689 1265 1729 VII
1305 1690 1384 1730 280
1425 1694 1554 1741 ,arta

172 1752 344 1793 fames'
374 1758 413 1793 et
442 1753 573 1793 Gellii.
594 1754 631 1793 X
651 1755 675 1793 6
705 1758 874 1805 ,quanto
904 1754 1062 1794 artius
1090 1753 1344 1806 pressiusque
1370 1753 1554 1794 conflicta

172 1818 339 1868 essem’,
381 1818 524 1868 quibus
564 1818 688 1858 fretus
723 1817 1018 1865 Queekius¹)
1059 1817 1292 1857 adverbium
1335 1818 1477 1869 ,arte’
1513 1818 1554 1857 in

174 1880 388 1921 editionem
430 1894 544 1921 suam
585 1882 755 1933 recepit,
797 1883 967 1921 maxime
1009 1885 1192 1931 arguunt.
1253 1881 1392 1931 Neque
1425 1880 1555 1921 Mad-

172 1944 364 1996 vigio,²)
399 1945 466 1994 qui
501 1957 657 1984 versum
686 1944 947 1996 depravatum
984 1944 1087 1983 hane
1114 1944 1153 1983 in
1183 1944 1351 1983 formam
1378 1943 1552 1994 redegit:

259 2008 329 2057 ,Et
357 2009 515 2045 fratrum
543 2009 706 2057 gemitus
735 2020 892 2056 aeres3
923 2012 1050 2045 tamen
1078 2012 1116 2045 et
1144 2008 1277 2057 procul
1305 2008 1444 2058 intrat,'
1577 2012 1579 2014 '

173 2075 216 2110 ut
230 2082 329 2110 vera
342 2074 488 2123 poetae
504 2071 628 2111 verba
644 2074 962 2122 consequeretur,
978 2070 1191 2121 contigisse
1200 2070 1238 2109 K
1247 2083 1269 2110 o
1280 2083 1301 2110 e
1311 2083 1330 2110 s
1338 2074 1354 2109 t
1362 2071 1376 2109 l
1385 2070 1398 2109 i
1407 2083 1432 2109 n
1441 2070 1454 2109 i
1463 2083 1515 2110 us
1523 2070 1552 2121 ³)

173 2138 282 2174 reete
311 2133 606 2174 animadvertit.
662 2134 741 2173 Sed
770 2146 820 2173 ne
848 2134 938 2172 huic
966 2133 1126 2183 quidem
1153 2134 1307 2185 mirum,
1342 2133 1448 2184 quod
1476 2137 1553 2173 sta-

171 2198 258 2248 tuit,
286 2197 489 2237 inventum
518 2199 693 2248 ,Areus
720 2201 854 2238 tamen
883 2201 922 2237 et
940 2197 1078 2249 procul
1100 2197 1231 2236 intrat'
1259 2209 1449 2249 prospere
1468 2209 1552 2237 sue-

172 2261 292 2301 cessit
319 2273 448 2311 neque
476 2262 604 2312 magis
632 2261 961 2309 Baehrensio,
990 2259 1058 2309 qui
1085 2259 1315 2299 Marklandi
1343 2260 1551 2310 ,haeret’

174 2324 407 2364 conicientis
435 2324 606 2375 vestigia
641 2328 819 2375 secutus,
858 2322 1046 2363 blandius
1082 2334 1201 2372 quam
1228 2322 1360 2362 verius
1389 2322 1552 2373 ,ardet

170 2392 304 2426 tamen
332 2400 380 2426 ae
408 2388 547 2438 procul
576 2388 713 2426 intrat'
743 2388 923 2426 restituit.

280 2492 304 2534 ¹)
328 2493 419 2525 Edit.
443 2491 555 2533 praef.
579 2501 611 2533 p.
635 2492 729 2525 XVI.

278 2546 305 2588 2)
329 2546 482 2578 Advers.
506 2546 581 2578 erit.
605 2546 675 2577 vol.
698 2546 731 2578 11
755 2556 785 2586 p.
815 2545 882 2577 159.

280 2600 305 2641 3)
329 2599 451 2632 Philol.
474 2600 545 2631 vol.
569 2600 701 2633 XXXV
723 2609 756 2640 p.
780 2601 854 2631 494.
