1744 2973
819 154 866 191 41

161 282 270 329 Quas
294 281 617 321 Marklandus
643 280 807 331 protulit
833 279 951 320 duas:
983 280 1158 319 Alteram
1185 279 1378 319 facillima
1404 283 1528 318 muta-

162 346 270 386 tione
296 347 501 384 assecutus
530 347 591 383 001
618 355 730 394 ,11011
757 344 975 393 surgere’
1004 343 1214 394 coniciens,
1243 342 1349 394 quod
1369 341 1528 382 dicendi

161 420 285 460 genus
311 408 593 458 interpretatur
610 406 717 445 idem
741 406 964 456 significare
982 410 1101 456 atque
1129 406 1375 457 ,assidere
1402 418 1527 445 men-

161 471 278 512 sae’.
346 470 399 509 At
438 469 578 508 mirum
619 472 807 518 quantum
853 468 979 507 virum
1019 469 1319 519 sagacissimum
1360 481 1526 509 acumen

161 533 322 583 fefellit,
359 536 496 583 utpote
531 544 646 581 quem
679 544 742 570 vv.
774 531 923 570 15-17
966 533 1018 571 ab
1051 532 1137 583 ipso
1172 531 1225 571 ad
1261 532 1527 572 coniecturam

162 608 274 636 suam
309 594 591 634 stabiliendam
625 593 740 633 allati
769 594 1084 633 commodissime
1111 594 1365 644 redarguant.
1419 595 1525 634 Loco

163 659 266 699 enim
306 657 421 698 huius
463 657 628 708 eclogae
668 656 853 696 inferiore
887 660 1008 708 poeta
1048 656 1206 708 attingit
1240 670 1406 708 morem,
1448 670 1525 708 quo

163 733 298 762 omncs
326 733 459 760 coram
486 719 665 772 principe
693 731 901 770 assurgere
928 720 1148 770 oportebat.
1193 721 1334 771 Itaque
1360 734 1448 760 cum
1476 721 1527 760 de

162 784 370 826 sedente
403 784 487 824 sive
514 783 646 836 potius
674 783 947 823 accubante
974 782 1103 822 Statio
1137 795 1264 824 sermo
1292 784 1359 835 sit,
1394 784 1527 824 litotes

160 849 239 888 ista
266 860 375 898 ,non
403 859 543 886 assur
551 847 681 897 gere'
708 846 768 885 rei
795 846 1106 885 luculentissime
1133 847 1326 886 convenit.
1379 847 1523 887 Nostro

163 914 295 950 autem
321 910 409 949 loco
437 913 556 961 poeta
582 908 754 949 nondum
783 909 984 948 accubans
1010 908 1249 960 perhibetur,
1276 909 1393 948 immo
1421 910 1526 961 talis,

163 973 229 1025 qui
256 972 414 1012 demum
440 972 494 1012 ad
513 984 653 1013 cenam
677 971 834 1012 accedit
860 970 1120 1011 assidendi
1148 972 1527 1012 accumbendive

163 1036 305 1088 copia
338 1035 564 1076 honoratus.
624 1036 764 1086 Neque
798 1035 1080 1075 Marklandum
1119 1036 1249 1087 ipsum
1288 1035 1388 1075 haec
1429 1035 1528 1075 diffi-

163 1099 310 1150 cultas,
346 1111 435 1139 cum
467 1099 635 1139 alteram
670 1110 782 1139 suam
814 1097 1012 1138 medelam
1041 1098 1318 1150 ,considere
1346 1100 1527 1139 mensa’

162 1163 264 1203 forte
297 1162 491 1203 veriorem
525 1174 613 1202 esse
647 1162 886 1213 suspicetur,
922 1174 1084 1215 prorsus
1121 1161 1231 1213 fugit.
1285 1163 1415 1212 Atque
1441 1175 1528 1214 pro-

164 1226 266 1267 fecto
293 1226 397 1267 hanc
432 1226 700 1267 coniecturam
735 1225 861 1278 pluris
887 1225 1078 1266 faciemus
1105 1225 1529 1266 Baehrensianae-

163 1302 239 1341 que
268 1290 621 1342 ,concumbere'
648 1289 918 1342 praeferemus
945 1290 1010 1330 vel
1045 1289 1122 1330 hac
1156 1289 1207 1329 dc
1241 1302 1383 1342 causa,
1424 1290 1530 1341 quod

163 1353 450 1393 concumbendi
483 1354 647 1393 verbum
683 1353 758 1393 nisi
800 1352 851 1392 de
890 1353 1157 1393 concubitu
1192 1365 1271 1393 non
1305 1353 1528 1394 adhibetur.

162 1415 242 1455 Sed
259 1428 311 1455 ne
327 1416 369 1455 in
386 1415 692 1456 Marklandiano
720 1415 881 1466 quidem
902 1415 1198 1467 ,considere’
1218 1415 1529 1467 acquiescemus,

163 1491 252 1518 011111
277 1479 434 1530 longius
453 1491 479 1519 a
496 1479 710 1519 memoriae
736 1478 915 1530 vestigiis
942 1478 1116 1520 recedat.
1158 1478 1439 1519 Verumtamen
1466 1491 1529 1519 me

163 1542 291 1592 ipsum
325 1543 467 1582 melius
501 1542 839 1594 palaeographiae
873 1542 1092 1582 rationibus
1132 1542 1378 1582 consuluisse
1412 1556 1528 1595 spero

160 1604 250 1659 hac*
270 1605 514 1645 coniectura:
558 1604 917 1655 ,dominamque
958 1604 1069 1644 dedit
1108 1605 1364 1655 contingere
1403 1618 1528 1645 men-

161 1669 294 1708 sam'.
340 1667 669 1719 Contingendi
698 1667 802 1707 enim
828 1668 940 1707 verbi
966 1668 1039 1719 vis,
1068 1668 1152 1709 sive
1170 1669 1421 1717 ‚mensam’
1440 1682 1529 1721 pro-

159 1730 248 1781 pria
274 1731 433 1771 notione
460 1733 652 1782 ornatam,
680 1730 764 1770 sive
790 1731 984 1771 translate
1012 1731 1152 1772 cibos
1179 1732 1459 1783 intellegimus,
1488 1737 1528 1772 01

159 1794 218 1833 1·οὶ
244 1794 322 1847 ipsi
349 1799 389 1835 et
423 1798 566 1847 poetae
599 1792 819 1835 modestiae
846 1794 1189 1846 verecundiaeque
1216 1796 1341 1847 probe
1367 1808 1529 1848 respon-

160 1855 238 1896 det.
293 1858 352 1898 of.
380 1858 498 1909 Verg.
526 1859 624 1897 Aen.
652 1858 710 1896 VI
737 1857 835 1897 6025

278 1961 288 1971 .
396 1932 612 1981 ‚Furiarum
640 1933 807 1969 maxima
833 1933 941 1969 iuxta

239 1985 412 2023 Accubat
439 1989 479 2022 et
505 1985 677 2023 manibus
705 1985 882 2034 prohibet
909 1998 930 2022 0
938 1998 961 2023 0
971 1999 995 2023 11
1004 1986 1038 2022 t
1028 1998 1041 2022 1
1049 1997 1074 2021 n
1083 1997 1107 2034 g
1117 1997 1139 2021 e
1148 1998 1167 2021 r
1176 1998 1197 2022 e
1223 1999 1260 2022 m
1270 1998 1291 2023 0
1302 1999 1325 2022 11
1335 1999 1352 2023 0
1361 1999 1384 2023 a
1392 1999 1430 2034 53

158 2055 255 2096 ibid.
274 2057 314 2096 Π
339 2057 429 2097 239.
476 2056 590 2097 Ovid.
609 2057 702 2097 Met.
721 2057 896 2108 111409;
923 2057 1017 2096 XIV
1035 2058 1132 2107 6063
1160 2058 1310 2108 V5313
1338 2058 1412 2097 XV
1430 2059 1526 2109 2813

158 2117 267 2158 Fast.
303 2119 363 2158 III
394 2120 483 2158 335.
538 2120 675 2176 Horat.
710 2120 793 2159 Sat.
828 2120 869 2158 ΙΙ
902 2120 946 2170 3,
984 2120 1070 2160 113.
1124 2121 1302 2171 Propert.
1336 2122 1355 2160 I
1390 2122 1426 2172 8,
1461 2122 1525 2161 43.

157 2179 305 2223 Lucan.
333 2182 373 2222 II
400 2183 462 2222 81.

260 2266 432 2319 Eadem,
473 2279 575 2318 quae
609 2272 743 2309 nostro
778 2268 884 2319 loco,
925 2267 1148 2307 reverentia
1188 2268 1229 2306 in
1270 2268 1526 2320 contingendi

157 2329 278 2370 verbo
305 2330 409 2371 inest
436 2331 530 2371 Silv.
558 2329 617 2371 ΠΙ
644 2330 681 2383 4,
709 2332 757 2371 61
787 2343 895 2382 seqq.
924 2335 964 2371 et
990 2331 1026 2370 V
1052 2332 1088 2383 3,
1117 2331 1206 2372 275.

260 2414 416 2455 Erroris
442 2427 536 2456 vero
564 2416 755 2468 originem
784 2416 906 2457 fuisse
933 2417 1038 2457 hanc
1064 2417 1259 2469 suspicari
1285 2417 1399 2457 licet:
1441 2417 1526 2457 Vir-

158 2477 262 2526 gulis
288 2479 498 2520 verborum
526 2479 860 2532 ,dominaque'
880 2485 920 2522 ct
938 2482 1139 2533 ,mensa'
1167 2481 1326 2522 finalem
1353 2480 1527 2522 litteram

156 2539 234 2586 ‚m’
262 2541 577 2592 significantibus
611 2544 768 2584 omissis
803 2544 1069 2595 ablativisque
1102 2544 1195 2585 inde
1229 2544 1332 2585 natis
1359 2544 1526 2585 suaden-
