1744 2973
766 202 1012 260 *EQ-

205 329 421 380 eodemque
449 331 626 368 amatore
652 328 918 370 miserandum
944 329 986 369 in
1013 328 1173 370 modum
1204 328 1389 369 desertae
1420 327 1569 368 Bacchi

206 394 392 444 coniuges
418 397 509 431 sunt
535 392 667 431 factae
685 391 769 432 sive
787 393 827 432 in
848 392 1120 444 ,maenadum’
1139 404 1343 432 numerum
1365 395 1568 443 receptae:

203 468 345 508 nempe
385 454 602 495 Ariadne
642 455 803 507 eiusque
843 468 951 497 soror
992 455 1230 497 Phaedra.
1297 455 1438 506 Itaque
1480 467 1568 495 cum

203 520 281 560 loci
307 519 431 559 nostri
458 517 731 558 difficultatem
757 519 833 559 nisi
859 520 1016 559 nomine
1042 520 1201 571 proprio
1227 519 1375 558 inserto
1403 517 1568 557 enodari

203 595 281 623 non
307 593 426 634 posse
452 580 548 620 mihi
575 582 850 634 persuaserim,
877 582 1159 622 restituendum
1186 593 1383 634 propono:

388 658 459 704 ,Et
486 655 686 696 Cressam
712 658 818 693 saevi
845 657 971 693 fecere
998 657 1180 693 maenada
1206 656 1390 705 planctus'

202 729 477 782 Intellegentia
505 733 636 769 autem
663 733 724 769 est
742 728 958 769 Ariadne
985 729 1085 781 ipsa,
1113 741 1215 780 quae
1243 727 1382 768 eodem
1408 728 1565 767 nomine

204 810 229 836 a
256 795 383 835 Statio
411 794 506 834 Silv.
535 794 575 832 H
602 794 639 844 6,
667 792 718 832 25
745 796 924 832 ornatur:

451 897 616 907 .....
647 880 738 918 ,non
765 868 881 905 talem
908 866 1077 904 Cressa
1105 867 1304 916 superbum

450 920 598 958 Callida
624 921 791 958 sollicito
818 921 1015 958 revocavit
1041 920 1190 957 Thesea
1217 919 1333 967 filio3'

203 994 317 1035 Ovid.
345 994 476 1033 Amor.
504 995 525 1032 I
553 995 588 1046 7,
619 995 686 1034 15:

413 1070 538 1117 ‚Talis
566 1070 707 1120 periuri
734 1071 997 1120 promissaque
1025 1072 1185 1120 velaque
1212 1070 1350 1108 Thesei

414 1123 540 1160 Flevit
566 1125 795 1172 praecipites
823 1120 994 1161 Gressa
1022 1125 1155 1161 tulisse
1182 1125 1318 1163 notos?

303 1194 442 1246 Neque
469 1195 624 1246 longius
651 1208 677 1235 a
704 1195 893 1235 librorum
919 1196 1098 1246 vestigiis
1122 1195 1366 1248 recedemus,
1393 1197 1426 1237 si
1454 1209 1564 1250 repo—

200 1269 355 1297 nemus:

344 1321 412 1369 ,Et
438 1319 684 1360 Phaedram
712 1323 816 1358 saevi
844 1323 970 1359 fecere
997 1324 1181 1360 maenada
1208 1324 1421 1372 planctu83'

203 1383 253 1422 de
281 1395 360 1432 qua
387 1382 579 1434 imprimis
607 1383 867 1423 conferendus
895 1388 956 1423 est
982 1385 1146 1424 Ausonii
1174 1385 1292 1436 Idyll.
1321 1385 1376 1424 VI
1403 1398 1440 1424 v.
1468 1385 1538 1423 32:

345 1446 538 1495 ,Respicit
565 1447 733 1485 abiectas
761 1447 965 1497 desperans
992 1448 1206 1486 Phaedra
1232 1445 1433 1496 tabellas3'

199 1507 313 1548 ovid.
341 1508 449 1549 Fast.
479 1509 534 1549 VI
562 1509 657 1548 737:

329 1571 469 1621 ,Notus
498 1585 604 1611 amor
629 1573 887 1623 Phaedrae,
915 1578 1006 1611 nota
1033 1578 1091 1612 est
1118 1575 1255 1611 iniuria
1281 1574 1445 1613 Thesei.'

200 1643 330 1695 Verg.
359 1646 471 1684 Aen.
499 1645 554 1684 V1
580 1645 675 1684 445:

250 1717 339 1767 ,His
367 1718 621 1756 Phaedram
649 1720 892 1768 Procrimque
919 1721 1013 1758 locis
1042 1724 1299 1769 maestamque
1326 1721 1536 1771 Eriphylen

250 1769 422 1808 Crudelis
450 1773 528 1809 nati
556 1776 825 1809 monstrantem
849 1774 1010 1810 volnera
1038 1775 1160 1810 cernit

249 1822 506 1872 Euadnenque
534 1828 572 1861 et
598 1824 836 1874 Pasiphaen.'

302 2022 481 2062 Alterum
507 2023 692 2063 mendum
727 2024 825 2064 latet
850 2025 892 2064 in
925 2038 963 2065 v.
990 2023 1061 2075 50,
1103 2024 1169 2064 ubi
1205 2025 1447 2076 antiquiores
1474 2024 1564 2064 libri

200 2084 385 2125 exhibent
404 2087 743 2138 ,uictamque',
762 2088 906 2127 novicii
933 2091 1071 2127 contra
1099 2100 1121 2126 e
1140 2086 1345 2127 doctorum
1373 2088 1561 2127 Italorum

198 2148 424 2189 coniectura
453 2149 740 2200 ,uitamque',
769 2149 875 2200 quod
893 2150 1140 2189 Domitius
1168 2150 1209 2189 in
1237 2150 1564 2201 ,firmamque',

197 2209 431 2251 Heinsius
450 2212 490 2251 in
509 2213 782 2263 ,totamque'
810 2217 1070 2253 mutaverunt.
1112 2212 1444 2253 Baehrensius
1472 2225 1565 2252 vero

198 2274 411 2314 memoriae
451 2276 579 2325 magis
620 2276 831 2327 consuluit,
882 2288 971 2315 cum
1011 2276 1052 2315 in
1091 2280 1242 2315 textum
1282 2276 1432 2327 recepit
1474 2277 1564 2324 ‚in—

198 2335 506 2387 uictamque'.
565 2339 751 2378 Attamen
787 2350 914 2389 neque
948 2338 1064 2379 huius
1091 2339 1199 2378 vocis
1227 2339 1333 2378 notio
1363 2338 1563 2378 enunciati

199 2399 419 2439 sententiae
447 2400 603 2440 omnino
631 2401 787 2441 videtur
814 2402 1024 2442 convenire
1051 2414 1125 2441 nec
1144 2402 1307 2441 mutatio
1335 2405 1415 2441 tam
1436 2401 1566 2441 facilis

199 2465 270 2513 est,
299 2474 418 2513 quam
444 2464 478 2504 si
506 2476 528 2504 e
548 2476 637 2505 mea
665 2465 892 2507 coniectura
917 2465 1236 2518 ,iunctamque’
1264 2464 1495 2516 scribamus,
1524 2468 1566 2504 ut

198 2523 262 2564 hic
290 2538 429 2567 sensus
464 2532 670 2579 exsurgat:
713 2529 774 2569 Tu
807 2541 882 2569 nec
909 2530 1035 2570 minor
1061 2542 1105 2569 es
1132 2529 1213 2569 illis
1239 2528 1469 2568 heroidibus
1497 2533 1567 2568 aut

198 2588 354 2630 novisse
399 2590 461 2631 vel
507 2592 638 2632 animo
680 2592 1026 2645 comprehendisse
1067 2592 1205 2644 fidem,
1253 2595 1323 2632 aut
1362 2591 1420 2643 (id
1462 2591 1568 2643 quod

1347 2666 1386 2698 3*
