1744 2973
846 203 897 243 51

296 334 381 375 Nec
407 336 539 372 tamen
567 331 631 372 hic
657 331 767 372 locus
794 330 936 372 mendo
963 335 1093 372 vacat.
1134 332 1255 373 Recte
1283 332 1387 372 enim
1411 330 1545 371 Hein-

192 398 296 438 sius
317 397 364 436 ·in
389 406 487 435 voce
515 395 648 446 ,alio’
684 394 866 446 offendit,
902 406 1005 445 quae
1038 399 1078 435 et
1111 396 1395 436 sententiarum
1422 394 1548 435 tenori

190 459 347 501 omnino
375 457 610 498 adversatur
642 469 770 508 neque
802 457 944 509 habet,
985 458 1047 498 cui
1080 459 1182 498 bene
1215 463 1458 511 opponatur3
1499 457 1549 498 cf.

189 523 243 563 IV
278 522 322 573 4,
358 520 410 561 95
445 524 486 561 et
518 519 580 560 96.
634 520 820 561 Heinsius
853 520 971 570 igitur
1006 521 1172 561 coniecit
1208 522 1349 572 ,illo',
1390 521 1497 572 quod
1525 533 1550 560 a

189 583 430 627 Baehrensio
463 583 503 623 in
540 586 688 623 textum
716 587 776 624 est
802 582 1028 624 admissum.
1081 585 1266 625 Attamen
1293 585 1370 626 hae
1396 584 1550 625 ratione

190 649 413 701 importuna
438 646 615 687 nascitur
641 646 893 697 ambiguitas,
921 650 1051 686 utrum
1077 647 1184 687 istud
1203 648 1326 699 ,illo’
1346 648 1400 689 ad
1420 660 1550 699 ,rura

189 710 442 762 Tyrrhena
474 710 732 760 saltusque
766 709 1002 759 Tagetis’,
1038 721 1140 759 quae
1174 715 1313 761 petens
1347 711 1550 763 Crispinus

190 787 225 813 v.
256 774 276 811 1
312 772 528 823 inducitur,
568 785 620 812 an
655 772 708 811 ad
742 783 808 822 ea,
850 783 953 821 quae
986 783 1022 810 v.
1057 772 1109 810 30
1144 784 1251 823 seqq.
1286 773 1549 824 proferuntur,

190 838 354 888 spectet.
409 834 576 875 Accedit
609 834 735 886 quod,
764 846 995 885 quocunque
1022 833 1096 875 hoe
1123 834 1353 876 adverbium
1380 836 1550 876 referen-

191 899 283 938 dum
311 910 535 949 censemus,
576 898 704 938 maius
738 897 990 937 intervallum
1024 897 1250 949 intercedit,
1291 911 1409 949 quam
1443 899 1549 950 quod

188 960 294 1001 istud
322 961 451 1013 ,illo'
479 960 605 1013 possit
631 960 830 1013 amplecti.

294 1033 589 1075 Marklando
637 1038 771 1075 autem
810 1034 962 1087 placuit
1003 1034 1185 1086 ,adeo',
1226 1035 1331 1085 quod
1371 1048 1415 1075 re
1453 1048 1549 1076 vera

189 1097 339 1149 passim
378 1096 487 1149 apud
526 1101 667 1149 poetas
708 1109 834 1148 aeque
875 1110 923 1137 ae
962 1097 1163 1149 particula
1202 1109 1348 1147 graeca
1387 1098 1433 1149 γέ
1471 1099 1550 1137 vim

190 1159 304 1199 addit
324 1160 540 1211 vocabulis,
569 1160 710 1210 quibus
739 1163 799 1200 est
825 1159 1036 1200 adiectum.
1076 1158 1271 1209 Equidem
1298 1159 1398 1200 illud
1417 1160 1550 1211 ,alio'

190 1234 239 1261 ex
266 1222 443 1262 ablativo
469 1222 661 1274 ‚animo’
681 1222 778 1273 (aio)
807 1221 1067 1274 depravatum
1095 1234 1183 1261 esse
1210 1223 1406 1274 suspicor,
1435 1235 1551 1272 quem

187 1284 469 1325 sententiarum
498 1296 671 1325 conexus
699 1288 739 1325 et
764 1284 957 1338 imprimis
986 1297 1047 1336 ea,
1074 1296 1177 1335 quae
1205 1288 1430 1337 sequuntur,
1460 1297 1552 1337 ,nec

190 1347 326 1388 deside
360 1360 482 1400 passu
515 1348 594 1388 Ire
626 1349 792 1401 paras'
827 1348 1000 1399 quodam
1036 1347 1154 1388 modo
1190 1347 1431 1389 desiderant.
1485 1349 1551 1388 Di-

189 1411 303 1452 cendi
330 1412 433 1451 enim
458 1423 583 1463 genus
611 1412 723 1464 ,iter
750 1411 928 1452 moliri'
956 1411 1007 1451 de
1025 1411 1182 1451 homine
1200 1411 1360 1451 iamiam
1379 1411 1552 1463 proficis·
1591 1439 1594 1442 <

189 1479 300 1515 cente
328 1475 411 1515 fere
445 1474 670 1526 adhibetur,
705 1478 749 1514 ut
783 1474 908 1514 Theb.
936 1474 992 1513 VI
1020 1474 1115 1524 7043
1149 1474 1189 1513 X
1217 1474 1312 1526 7953
1347 1475 1428 1514 XII
1456 1475 1551 1526 7703

186 1538 303 1589 Verg.
332 1539 430 1582 Aen.
457 1538 514 1577 VI
539 1537 638 1586 4753
678 1537 749 1577 alii
783 1537 943 1588 docent,
978 1549 1067 1577 cum
1100 1537 1188 1577 loco
1223 1540 1357 1577 nostro
1386 1537 1437 1577 de
1463 1550 1551 1589 pro-

188 1600 337 1642 fecturo
364 1601 496 1654 potius
524 1612 571 1640 ac
599 1600 806 1641 consilium
832 1600 1102 1651 rationemque
1128 1599 1281 1640 itineris
1307 1600 1439 1640 animo
1466 1600 1549 1640 vol-

187 1669 302 1705 vente
347 1665 399 1705 sit
442 1676 582 1705 sermo,
650 1663 716 1703 Sic
761 1663 881 1703 etiam
926 1663 1028 1703 Vell.
1076 1663 1232 1703 Patere.
1272 1662 1313 1702 11
1352 1663 1404 1703 46
1449 1662 1550 1702 dixit

189 1728 389 1778 ,bellum
424 1728 471 1766 in
499 1727 659 1767 animo
688 1726 887 1777 moliri’3
924 1726 974 1766 cf.
1002 1726 1099 1767 Silv.
1118 1727 1176 1765 IV
1194 1728 1231 1777 6,
1250 1726 1320 1766 46:
1349 1727 1548 1778 ,ingentes

190 1790 320 1832 animo
347 1802 507 1831 versare
535 1790 725 1831 colossos'
753 1792 793 1831 et
818 1789 1024 1831 innumera
1052 1790 1134 1831 alia
1162 1790 1356 1842 exempla.

738 2014 778 2058 v
812 2014 855 2070 2,
896 2013 999 2059 125.

317 2098 439 2148 ,Ergo
466 2110 537 2148 age
565 2099 666 2146 (nam
694 2110 830 2148 magno
858 2098 964 2136 ducis
990 2097 1225 2147 indulgentia
1251 2098 1413 2147 pulsat

316 2151 504 2199 Certaque
531 2151 596 2187 dat
623 2152 722 2188 votis
749 2151 880 2188 hilaris
906 2151 1071 2199 vestigia
1097 2150 1229 2197 frater)

317 2203 448 2253 Surge,
476 2203 600 2240 animo
629 2206 667 2239 et
695 2203 813 2240 fortes
841 2205 1051 2239 castrorum
1077 2202 1236 2251 concipe
1263 2201 1397 2240 curas?

291 2287 401 2327 Libri
428 2286 548 2337 Sang.
575 2298 712 2338 apogr.
741 2299 776 2326 v.
799 2285 873 2326 125
896 2285 1056 2325 exhibet
1075 2285 1295 2336 ,magno',
1312 2284 1400 2325 eod.
1419 2285 1545 2325 Paris.

188 2353 319 2390 autem
364 2349 576 2403 ‚magni',
622 2361 741 2401 quam
784 2348 1019 2403 scripturam
1063 2347 1327 2390 Baehrensius
1371 2347 1545 2390 Domitio

187 2412 373 2455 vindicat.
427 2415 489 2455 De
523 2413 585 2454 ed.
618 2427 677 2466 pr.
717 2426 811 2454 vero
852 2413 1044 2454 memoria
1083 2412 1254 2453 editores
1295 2412 1545 2464 dissentiunt,

186 2486 278 2515 nam
306 2477 421 2517 alteri
448 2477 616 2518 alteram
642 2476 679 2517 ei
706 2476 872 2517 formam
896 2476 1084 2516 tribuunt.
1129 2476 1225 2516 Utut
1250 2486 1313 2516 res
1341 2487 1385 2515 se
1411 2475 1545 2528 habet,

188 2539 410 2582 emendatio
429 2541 626 2593 ‚magni’
645 2554 724 2582 non
750 2541 879 2583 solum
905 2539 1199 2593 simplicissima
1216 2543 1290 2592 est,
1316 2539 1389 2581 sed
1410 2539 1543 2592 etiam,

186 2605 229 2640 ut
255 2602 395 2645 ducem
421 2605 539 2645 istum
573 2616 660 2645 esse
687 2604 954 2647 Domitianum
980 2603 1270 2655 intellegamuS,
1298 2603 1545 2655 necessaria3
