1744 2973
842 180 892 221 27

311 336 320 344 .
350 322 359 344 ·.
390 336 555 347 .....
588 309 718 357 ‚Illum
746 322 817 359 ego
844 312 926 348 iure

308 359 539 409 Despiciam,
569 362 633 409 qui
661 362 733 398 scit
759 367 899 410 quanto
927 363 1124 400 sublimior
1151 364 1261 399 Atlas

310 410 492 450 Omnibus
520 414 559 450 in
585 413 710 464 Libya
738 415 787 451 sit
813 415 1022 452 montibus:
1051 415 1113 452 hic
1141 419 1268 452 tamen
1295 414 1416 451 idem

308 464 473 515 Ignoret,
501 471 681 515 quantum
707 467 849 505 ferrata
875 468 991 505 distet
1017 468 1065 507 ab
1093 481 1182 506 arca

311 516 529 566 Saeculus3'

181 578 350 631 denique
377 581 473 621 XVI
500 580 563 621 58.
604 581 723 633 Verg.
745 582 888 635 Georg.
915 584 956 623 II
985 584 1079 636 1063
1106 586 1204 624 Aen.
1224 584 1259 624 V
1285 584 1383 634 3713
1410 584 1548 624 Horat.

179 642 263 684 Sat.
290 643 310 682 I
340 644 400 696 10,
428 646 499 696 653
528 645 645 697 Prop.
673 646 731 684 IV
759 645 795 697 2,
824 647 885 685 39.

737 903 797 947 ΙΠ
832 904 874 958 2,
910 905 985 948 66.

178 987 223 1024 V.
242 989 308 1024 61:
335 986 448 1037 ,Quis
476 987 570 1025 rude
598 991 636 1025 et
663 987 873 1026 abscissum
900 989 1050 1025 miseris
1079 988 1333 1026 animantibus
1361 1000 1503 1038 aequor

336 1041 444 1077 Fecit
470 1042 543 1078 iter
571 1041 792 1090 solidaeque
818 1043 902 1090 pios
931 1041 1079 1078 telluris
1107 1042 1279 1079 alumnos

333 1093 494 1142 Expulit
519 1094 558 1129 in
584 1093 720 1130 fluctus
747 1094 961 1143 pelagoque
988 1095 1145 1130 immisit
1171 1095 1291 1131 hianti

334 1145 474 1182 Audax
501 1145 668 1195 ingenii?
696 1158 766 1183 nec
795 1147 893 1183 enim
922 1147 1125 1183 temeraria
1153 1147 1273 1183 virtus

333 1198 406 1234 Illa
434 1199 565 1247 magiS,
594 1210 763 1235 summae
789 1199 968 1248 gelidum,
998 1211 1096 1247 quae
1123 1199 1256 1235 Pelion
1284 1197 1404 1235 Ossae

334 1250 467 1287 Junxit
494 1251 808 1300 anhelantemque
836 1252 934 1300 iugis
964 1252 1035 1289 bis
1063 1252 1204 1301 pressit
1231 1250 1460 1300 Olympum?

281 1334 328 1373 In
355 1334 550 1374 numerali
578 1334 688 1385 ,bis'
707 1334 894 1374 Barthius
921 1339 960 1376 et
988 1335 1057 1375 alii
1083 1334 1318 1385 quibusdam
1347 1334 1398 1374 de
1417 1335 1548 1374 causis

176 1396 444 1447 offenderunt3
477 1401 653 1437 attamen
688 1409 823 1437 eorum
864 1402 1084 1437 commenta
1111 1398 1258 1437 referre
1292 1397 1446 1447 taedet,
1481 1398 1548 1448 qui

174 1464 336 1512 propter
369 1460 507 1501 Pelion
539 1464 579 1500 et
610 1460 752 1500 Ossam
783 1461 906 1500 verba
935 1461 1082 1513 ,iugis
1110 1461 1187 1501 bis
1215 1461 1414 1512 pressit’
1442 1460 1547 1500 idem

175 1536 224 1563 ac
251 1523 386 1563 binis
413 1524 545 1575 iugis
571 1524 707 1563 valere
735 1521 925 1576 suspicati
954 1525 1050 1576 sint,
1084 1537 1177 1564 nam
1214 1524 1403 1564 adverbio
1433 1525 1547 1575 ,bis’

174 1587 253 1626 vim
288 1587 504 1627 numeralis
540 1586 781 1627 distributivi
816 1588 880 1627 vel
914 1588 1114 1627 notionem
1147 1600 1287 1627 vocum
1324 1587 1546 1639 ,duplex’

175 1654 214 1690 et
234 1650 489 1701 ,geminus'
505 1650 589 1689 sine
610 1651 879 1702 exemplorum
898 1651 1135 1690 auctoritate
1153 1650 1358 1690 vindicare
1376 1662 1547 1701 magnae

175 1712 306 1753 iudico
349 1725 436 1753 esse
481 1713 726 1753 temeritatis.
794 1713 834 1752 M
843 1713 1118 1754 arklandus
1164 1718 1297 1753 autem
1341 1715 1547 1754 numerale

177 1776 309 1827 ,bis',
338 1768 414 1826 quo
435 1781 474 1816 et
492 1777 579 1829 ipse
601 1788 757 1827 quoque
776 1777 1077 1828 sollicitabatur,
1105 1777 1262 1817 omnino
1283 1777 1547 1816 exterminare

176 1843 215 1879 et
258 1840 422 1880 verbum
468 1840 727 1892 compositum
779 1840 1066 1892 ,impressit'
1116 1852 1308 1892 reponere
1353 1840 1543 1880 malebat.

177 1903 308 1954 Atque
335 1903 513 1955 profecto
541 1903 648 1943 istud
677 1904 799 1955 ,bis’,
827 1904 921 1944 licet
949 1904 1039 1944 aliis
1067 1903 1118 1943 de
1147 1903 1277 1944 causis
1305 1907 1425 1953 atque
1452 1904 1543 1943 illos

174 1967 279 2007 viros
308 1966 465 2019 doctos,
500 1980 741 2020 magnopere
769 1980 841 2008 nos
868 1968 1030 2008 turbare
1057 1979 1219 2008 necesse
1247 1970 1326 2017 est3
1361 1967 1544 2006 nimirum

173 2030 446 2082 Marklandus,
476 2043 579 2081 quae
606 2035 712 2071 esset
738 2031 816 2071 loci
836 2031 1064 2082 difficultas,
1092 2044 1170 2071 non
1197 2035 1279 2070 tam
1307 2030 1415 2070 clare
1443 2043 1545 2070 com-

175 2094 405 2146 prehendit,
442 2107 560 2144 quam
594 2098 811 2145 auguratus
839 2099 917 2145 est,
954 2107 1041 2134 cum
1075 2093 1351 2144 interrogavit:
1393 2092 1546 2143 ,Quare

173 2157 251 2197 bis
278 2158 447 2209 pressit?
458 2157 479 2208 ',
514 2170 741 2208 quanquam
767 2158 854 2209 ipse
881 2158 1012 2197 locum
1043 2157 1233 2196 attulerat
1259 2155 1543 2208 Vergilianum,

172 2219 279 2261 unde
306 2220 478 2260 Statiani
504 2232 642 2260 versus
669 2220 883 2260 memoriae
910 2219 1082 2260 tenebris
1116 2219 1185 2258 lux
1213 2218 1389 2259 oboritur
1416 2219 1546 2270 splen-

173 2283 393 2324 didissima.
446 2284 493 2323 In
521 2283 663 2334 Georg.
690 2284 710 2322 I
736 2284 812 2323 281
842 2296 949 2334 seqq.
980 2283 1083 2323 enim
1110 2283 1295 2334 legimus:

280 2348 392 2398 ‚Ter
419 2351 505 2385 sunt
532 2348 659 2385 conati
686 2348 883 2397 imponere
909 2348 1017 2386 Pelio
1045 2346 1180 2384 Ossam

279 2401 436 2439 Scilicet
462 2405 576 2450 atque
602 2399 723 2438 Ossae
750 2401 969 2439 frondosum
997 2401 1194 2438 involvere
1222 2399 1425 2450 Olympum

278 2454 368 2491 Ter
394 2458 504 2504 pater
531 2458 745 2492 exstructos
774 2454 924 2491 disiecit
951 2454 1109 2491 fulmine
1136 2453 1321 2502 montes3'

174 2516 285 2557 cuius
320 2517 492 2569 exempli
525 2517 590 2557 vel
625 2517 714 2569 ipsa
748 2517 1004 2569 auctoritate,
1045 2516 1279 2569 praesertim
1313 2528 1401 2556 cum
1429 2516 1545 2569 Papi-

174 2581 279 2620 nium
325 2584 559 2632 perpetuum
605 2593 692 2620 esse
744 2581 910 2632 Vergilii
956 2581 1194 2620 imitatorem
1240 2580 1543 2632 meminerimus,
