1744 2973
879 160 903 198 8

198 285 389 326 iecturam
418 286 470 326 ad
500 287 706 327 arbitrium
734 286 903 337 factam,
938 287 1146 327 deficiente
1182 288 1345 328 meliore
1375 288 1416 327 in
1443 288 1576 328 omnia

199 348 391 402 deinceps
420 350 667 403 exemplaria
695 353 755 390 est
781 354 1025 402 propagata,
1054 354 1221 403 excepto
1249 350 1483 392 Baehrensii
1509 364 1574 392 no-

199 412 382 463 vissimo,
425 413 532 463 quod
569 425 618 452 ex
652 413 778 464 ipsius
813 413 887 451 viri
922 413 1030 453 docti
1058 413 1284 453 coniectura
1311 414 1574 464 ‚facieque'

198 476 379 527 praebet.
433 476 535 516 Huic
572 479 705 515 autem
740 481 960 516 commento
988 479 1179 529 patronus
1206 475 1383 528 profecto
1412 476 1576 517 exsistet

197 538 331 578 nullus
339 553 349 589 3
378 551 549 589 namque
568 551 657 578 cum
675 539 826 578 verbis:
856 551 979 589 ,quae
1006 539 1135 579 forma
1161 539 1291 579 beatis
1308 540 1406 579 Arte
1433 552 1573 579 manus

197 600 313 639 locis'
358 601 437 640 loci
482 601 762 640 amoenitatem
803 612 926 652 opera
967 604 1131 651 arteque
1175 601 1376 641 hominum
1416 605 1575 642 auctam

198 654 414 714 significari
450 668 489 704 et
524 663 679 705 deliciis
714 667 858 704 natura
884 664 974 717 ipsa
1002 665 1148 705 oblatis
1183 667 1298 716 (quas
1324 664 1485 716 quidem
1513 677 1574 715 ea,

198 738 302 775 quae
330 731 565 777 sequuntur:
603 740 701 778 ,non
728 727 880 777 largius
907 739 1075 777 usquam
1102 727 1274 767 Indulsit
1299 731 1442 768 natura
1469 727 1574 777 sibi',

198 788 379 841 innuunt)
399 790 546 843 opponi
564 790 726 841 liqueat,
755 788 952 840 quomodo
973 789 1139 830 ablativi
1169 790 1311 841 ,arte’
1341 793 1380 830 et
1408 789 1574 842 ‚facie'

196 851 300 891 inter
345 865 388 892 se
432 854 586 905 possint
630 853 834 892 conciliari
878 865 956 903 non
1001 852 1212 905 intellego,
1259 853 1493 906 praesertim
1540 853 1574 893 si

198 916 389 966 ,faciei‘
420 929 670 969 synonymon
699 916 892 967 ‚forma’
929 915 1106 956 eiusdem
1141 916 1341 957 enunciati
1369 929 1459 958 esse
1486 917 1574 958 sub-

197 979 344 1020 iectum
372 979 665 1033 perpenderim.
678 979 705 1032 ¹)

304 1043 541 1083 Emendatio
570 1055 662 1083 vero
691 1043 814 1082 multo
841 1043 1086 1094 probabilior
1103 1043 1218 1083 nobis
1237 1047 1320 1083 tam
1339 1043 1576 1083 sententiam

198 1118 317 1158 quam
353 1106 693 1159 palaeographiae
730 1106 924 1147 rationem
959 1106 1232 1159 spectantibus
1265 1106 1431 1148 aliorum
1460 1106 1575 1148 huius

199 1171 386 1210 carminis
428 1183 612 1211 versuum
653 1169 911 1210 similitudine
945 1169 1118 1220 quadam
1154 1171 1390 1221 suggeritur.
1451 1171 1576 1210 Parti-

198 1234 346 1286 cipium
393 1234 515 1285 enim,
563 1232 669 1284 quod
715 1232 769 1272 ad
814 1231 1079 1285 supplendam
1120 1233 1356 1273 sententiam
1398 1233 1574 1274 ablativo

200 1298 341 1348 ,arte'
370 1297 595 1349 requiritur,
624 1309 712 1337 esse
739 1296 952 1349 ,variata’
981 1295 1151 1337 suadent
1177 1301 1217 1337 et
1243 1311 1305 1337 vv.
1333 1296 1507 1337 45-46:

304 1362 406 1409 ,Vidi
434 1365 567 1398 artes
596 1365 844 1409 veterumque
871 1372 1031 1397 manus
1059 1362 1309 1410 variisque
1337 1361 1492 1398 metalla

304 1414 403 1451 Viva
431 1414 593 1462 modis3'
622 1417 662 1453 et
688 1426 751 1452 vv.
780 1412 957 1452 55-562

356 1505 523 1525 .....
534 1477 697 1513 varias
726 1476 791 1513 ubi
819 1477 923 1525 picta
950 1488 1019 1525 per
1046 1479 1177 1512 artes

357 1530 508 1567 Gaudet
535 1531 668 1566 humus
698 1532 927 1578 superatque
956 1529 1065 1565 novis
1093 1531 1246 1565 asarota
1272 1528 1425 1578 figuris!

303 1592 547 1632 Deliciarum
582 1591 767 1635 nimirum
802 1591 1030 1643 specieique
1064 1590 1204 1630 Manlii
1239 1591 1360 1631 villae
1401 1591 1574 1632 varietas

199 1655 350 1695 artibus
379 1655 513 1695 multis
540 1658 685 1707 parata
713 1658 753 1693 et
780 1657 899 1694 aucta
926 1657 1070 1706 poetae
1097 1652 1284 1694 laudibus
1311 1654 1483 1694 effertur.

305 1718 362 1758 Of.
393 1717 600 1759 Claudian.
619 1718 737 1758 Prob.
758 1721 809 1757 et.
830 1717 947 1769 Olyb.
976 1717 1092 1757 Gens.
1120 1730 1157 1757 v.
1178 1717 1247 1757 95:
1278 1717 1573 1770 ‚Clipeus....‚

200 1793 315 1831 quem
344 1785 429 1821 tota
456 1782 682 1821 variarat
710 1781 904 1821 Mulciber
931 1781 1072 1832 arte'3
1105 1781 1253 1821 Auson.
1282 1781 1407 1832 Epist.
1436 1781 1575 1821 XXIV

199 1858 235 1885 v.
264 1844 315 1885 95
344 1857 454 1896 seqq.
481 1845 613 1885 locum
642 1845 830 1885 exhibent
856 1844 1119 1884 simillimum:

307 1910 478 1957 ,Totque
508 1922 593 1945 mea
620 1910 658 1945 in
685 1910 840 1945 Novero
870 1909 943 1944 sibi
970 1910 1146 1957 proxima
1174 1909 1332 1957 praedia
1358 1921 1457 1958 pago

304 1962 512 2011 Dispositis
541 1965 663 1998 totum
691 1961 838 1998 vicibus
867 1961 1056 1997 variata
1083 1972 1152 2010 per
1179 1973 1334 1998 annum:

305 2014 492 2064 Egelidae
521 2018 561 2050 ut
588 2018 744 2063 tepeant
770 2014 927 2061 hiemes,
956 2013 1187 2062 rabidosque
1213 2025 1283 2063 per
1310 2017 1437 2051 aestus

307 2066 491 2116 Aspirent
519 2070 650 2103 tenues
678 2067 797 2116 frigus
826 2066 966 2103 subtile
994 2066 1214 2114 aquilones.'

305 2129 421 2168 Mart.
455 2128 511 2168 IV
539 2128 602 2178 46,
641 2129 687 2175 17
698 2142 708 2178 3
737 2128 834 2168 VHI
867 2128 931 2178 28,
970 2128 1038 2177 183
1066 2127 1187 2179 Verg.
1214 2128 1357 2179 Georg.
1386 2128 1405 2167 I
1435 2128 1511 2168 134
1538 2132 1577 2167 et

202 2191 289 2231 145.
318 2192 457 2231 Horat.
476 2192 561 2230 Art.
581 2196 685 2243 poet.
706 2191 881 2240 29-313
909 2191 1024 2231 Ovid.
1046 2203 1094 2230 ex
1113 2192 1240 2231 Ponto
1266 2192 1324 2231 111
1351 2191 1388 2241 9,
1406 2190 1576 2230 47-48.

200 2255 270 2295 Sil.
298 2254 389 2295 Ital.
416 2254 512 2295 XIV
540 2254 629 2295 659.
1564 2258 1571 2265 '

311 2405 335 2446 l)
350 2405 544 2438 Praeterea
559 2403 664 2438 etiam
680 2403 717 2435 L.
733 2403 761 2435 P
770 2412 790 2436 o
800 2402 937 2436 Isteru
947 2413 962 2436 s
979 2404 1093 2437 locum
1112 2403 1315 2437 coniectura
1331 2402 1573 2446 ,utrimque’

203 2460 409 2501 temptavit3
434 2457 478 2492 cf.
501 2457 719 2490 Fleckeisen.
742 2466 820 2489 ann.
843 2467 877 2489 v.
903 2457 963 2490 107
987 2457 1097 2499 (1873)
1119 2467 1152 2499 p.
1176 2456 1249 2490 774.
