1744 2973
828 150 879 188 39

271 276 550 318 Emendationi
576 280 703 315 'meae
744 276 912 328 denique
954 279 1154 331 peroratio
1196 278 1390 330 epistulae
1436 279 1535 318 libro

169 342 287 384 alteri
303 340 547 394 praemissae
565 340 766 381 simillima
783 341 902 393 favet,
929 342 998 382 ubi
1016 342 1202 393 legimus:
1233 342 1366 393 ,Haec
1384 343 1534 393 qualia-

166 416 319 456 cunque
336 407 439 455 sunt,
457 403 598 443 Melior
616 404 830 456 carissime,
858 405 899 444 si
926 405 1020 445 tibi
1038 418 1130 446 non
1150 405 1367 457 displicu
1380 406 1531 456 erint,

166 484 191 510 a
217 472 264 509 te
296 466 547 519 publicum
583 466 856 519 accipiant3
890 468 932 508 si
965 469 1144 520 minus,
1179 468 1237 508 ad
1271 481 1340 509 me
1368 481 1531 508 rever-

166 534 306 573 tantu
314 530 355 569 r.⁷
409 529 467 569 Of.
497 530 616 569 etiam
643 531 839 582 epistulae
865 532 891 570 l.
919 532 978 570 ΙΠ
1006 532 1236 572 clausulam.

735 764 795 807 IV
834 765 872 818 1,
909 765 951 808 9.

166 850 211 889 V.
241 851 282 886 5:
320 849 542 893 ‚Exsultent
568 849 672 898 leges
699 849 843 897 Latiae,
871 849 1034 898 gaudete
1061 850 1229 897 curules3

321 902 372 939 Et
399 902 694 951 septemgemino
722 902 924 939 iactantior
951 901 1106 938 aethera
1132 903 1258 951 pulset

318 955 440 992 Roma
468 956 574 1004 iugo3
602 955 761 1004 plusque
788 959 874 991 ante
902 955 997 991 alias
1024 954 1236 992 Evandrius
1264 968 1369 992 arces

320 1007 438 1044 Collis
466 1011 575 1044 ovet:
602 1007 754 1044 subiere
780 1008 869 1045 novi
895 1007 1039 1057 palatia
1065 1007 1188 1044 fasces

320 1060 371 1096 Et
398 1061 609 1109 requiem
636 1060 696 1098 bis
724 1064 854 1097 sextus
882 1060 1014 1108 honos,
1041 1060 1293 1109 precibusque
1320 1062 1483 1109 receptis

319 1111 434 1149 Curia
459 1112 686 1149 Caesareum
713 1112 853 1162 gaudet
879 1113 1018 1149 vicisse
1044 1112 1252 1161 pudorem.'

267 1198 507 1249 Interpretes
541 1197 755 1237 veteriores
789 1197 830 1236 in
862 1197 994 1236 verbis
1028 1197 1123 1248 ,bis
1158 1200 1327 1236 sextus
1360 1196 1526 1236 honos’

164 1260 430 1311 offenderunt,
472 1260 613 1311 quibus
640 1260 856 1300 Domitiani
892 1260 1165 1299 consulatuum
1199 1271 1403 1298 numerum
1430 1260 1527 1298 indi-

165 1324 246 1364 cari
274 1336 483 1376 perperam
509 1324 716 1375 putabant,
743 1324 852 1363 velut
878 1323 1113 1374 Cruceus,
1143 1323 1210 1373 qui
1237 1323 1423 1363 coniecit:
1458 1323 1528 1374 ,Et

163 1388 338 1438 requiem
364 1388 445 1427 vix
474 1387 631 1427 sensit
657 1386 811 1437 honos',
840 1386 966 1426 donec
993 1387 1270 1426 Gronovius
1298 1386 1527 1437 ,duodecim

162 1450 327 1490 fascium
356 1454 395 1489 et
420 1450 602 1490 lictorum
637 1462 724 1490 esse
759 1449 945 1490 honorem
979 1449 1180 1501 proprium
1217 1449 1444 1489 consulatus
1472 1449 1526 1488 in-

162 1514 287 1564 signe'
315 1517 421 1553 recte
448 1513 609 1553 monuit.

265 1586 528 1627 Nihilominus
568 1600 604 1626 v.
641 1588 664 1626 9
707 1586 932 1638 corruptela
972 1586 1145 1638 pessima
1184 1586 1341 1626 videtur
1381 1587 1526 1635 latere3

161 1650 296 1699 itaque
314 1649 655 1700 Marklandus,
684 1649 1013 1689 constructionem
1041 1649 1185 1688 exinde
1203 1649 1426 1699 vulgatam:
1457 1650 1526 1700 ,Et

162 1712 222 1751 bis
249 1715 384 1760 sextus
411 1711 535 1751 honos
558 1711 708 1762 gaudet
733 1711 876 1751 vicisse
903 1712 1098 1762 requiem,
1133 1716 1173 1751 et
1207 1712 1316 1751 curia
1342 1713 1527 1763 precibus

162 1774 332 1826 receptis
365 1774 515 1825 gaudet
547 1774 690 1814 vicisse
726 1774 965 1814 Caesareum
999 1774 1206 1826 pudorem'
1241 1787 1312 1814 suo
1346 1775 1431 1814 iure
1465 1774 1526 1814 his

162 1837 408 1877 sollicitavit:
446 1837 584 1888 ,Cuius
610 1837 826 1888 requiem
852 1837 974 1877 vicit
1009 1838 1279 1878 consulatus?
1334 1838 1526 1889 ,Caesa-

161 1901 326 1951 reum,’
373 1900 533 1953 opinor,
579 1900 730 1950 dicent,
776 1900 1034 1952 repetendam
1079 1912 1127 1939 ex
1172 1913 1289 1940 versu
1333 1902 1524 1953 proximo.

166 1963 314 2003 Durum
341 1963 498 2013 quidem
527 1963 602 2004 hoc
628 1975 702 2003 nec
728 1963 938 2002 tolerabile
965 1963 1027 2013 iis,
1055 1963 1122 2013 qui
1149 1976 1331 2003 numeros
1359 1969 1399 2003 et
1425 1977 1526 2004 com-

162 2027 398 2078 positionem
438 2027 660 2068 Statianam
701 2027 868 2077 callent,
915 2026 1131 2066 secundum
1172 2039 1290 2077 quam
1330 2027 1527 2066 sententia

161 2089 340 2139 perfecta
374 2101 463 2128 esse
499 2089 618 2128 debet
652 2093 742 2140 post
775 2101 912 2128 vocem
949 2089 1154 2138 ,honos'3
1196 2093 1236 2127 et
1269 2089 1327 2127 ita
1368 2089 1527 2138 quidem

164 2155 241 2191 est:
270 2151 398 2192 ausim
425 2152 529 2191 enim
555 2151 735 2203 polliceri
754 2150 921 2190 Statium
942 2150 1166 2201 scripsisse:
1197 2150 1266 2201 ,Et
1284 2150 1439 2190 rediit
1466 2151 1527 2190 bis

161 2218 296 2255 sextus
322 2215 483 2256 honos.'’

266 2289 355 2336 Qua
382 2288 577 2329 sententia
604 2300 667 2327 me
694 2287 853 2338 quidem
880 2287 1011 2327 iudice
1038 2282 1134 2326 nihil
1162 2287 1293 2327 verius
1320 2287 1528 2327 rectiusve.

161 2351 329 2392 Accedit
362 2356 513 2403 autem,
548 2350 654 2402 quod
689 2351 807 2391 etiam
843 2363 981 2391 sensus
1000 2351 1176 2394 «laborat.
1231 2351 1293 2390 An
1320 2350 1528 2401 quisquam

165 2415 340 2465 cogitare
366 2416 495 2467 potuit
520 2419 589 2455 aut
615 2415 870 2467 pronuntiare
898 2427 1018 2454 ausus
1046 2419 1106 2454 est
1131 2415 1413 2466 Imperatorem
1442 2426 1531 2453 con-

162 2477 316 2518 sulatus
349 2478 497 2518 honore
530 2482 623 2518 tunc
658 2478 756 2519 satis
796 2478 906 2518 inani
945 2477 1153 2530 repudiato
1194 2477 1274 2517 otio
1315 2481 1355 2516 et
1394 2477 1531 2527 requie

162 2539 239 2580 frui
272 2541 448 2594 potuisse
482 2545 672 2596 tanquam
705 2540 903 2581 hominem
936 2540 1160 2596 privatum?
1213 2539 1411 2586 Medelam
1438 2552 1532 2580 vero
