1744 2973
862 197 914 236 20

200 336 396 377 superque
424 323 623 364 docemur.
667 324 726 365 Cf.
745 324 764 363 1
783 325 820 375 3,
840 323 909 363 56:
939 324 1154 375 ,Gaudet
1181 324 1322 365 humus
1349 329 1574 376 superat-

201 400 278 439 que
306 388 420 427 novis
448 392 654 428 asarota
688 388 862 439 figuris3‘
905 388 974 428 ubi
1001 387 1263 428 Marklandus
1297 387 1378 439 legi
1404 388 1573 427 mavult:

199 450 413 503 ,Gaudet
453 451 594 491 humus
636 463 878 504 superare
920 452 1034 492 novis
1076 455 1237 492 asarota
1276 451 1452 503 figuris,'
1495 464 1574 502 qua

198 514 415 554 mutatione
456 515 666 555 verborum
707 528 787 555 non
828 514 945 556 modo
987 515 1178 567 notionis,
1220 514 1292 555 sed
1328 515 1448 555 etiam
1483 528 1572 556 con-

196 578 424 617 structionis
452 578 670 618 similitudo
698 579 802 617 inter
829 578 934 618 hunc
962 583 1001 618 ct
1020 582 1196 618 nostrum
1214 578 1345 618 locum
1362 577 1573 618 intercedit

195 641 383 680 maxima.
437 641 499 680 De
532 641 643 681 verbi
679 641 951 693 superandi
986 654 1060 682 usu
1088 641 1336 682 conferamus
1363 644 1572 693 praeterea

196 704 234 743 II
265 704 299 754 1,
327 704 398 743 23:

249 779 402 828 ,Teque
428 783 579 828 patrum
607 780 770 829 gemitus
800 783 1107 829 superantem
1136 784 1174 816 et
1201 780 1380 817 bracchia
1411 783 1572 816 matrum

249 831 578 881 Complexumque
606 845 718 881 rogos
747 834 815 880 (sc.
844 832 980 880 vidi);'

197 906 231 945 V
260 906 297 957 3,
325 905 396 955 513
432 905 578 947 Achill.
612 905 632 944 1
667 904 756 945 388.
812 904 927 945 ovid.
956 905 1116 946 Metam.
1145 905 1220 945 XV
1255 905 1352 957 5213
1387 905 1506 946 Trist.
1533 905 1574 945 11

198 969 302 1023 3361,
331 969 518 1020 ,materia
544 981 594 1008 ne
623 973 886 1021 superetur
914 969 1047 1021 opus';
1082 969 1221 1009 Senee.
1249 968 1454 1009 Phoeniss.
1482 968 1572 1008 335.

302 1043 363 1082 De
392 1042 528 1094 phrasi
562 1043 803 1093 ,gaudens
838 1044 1091 1095 superare’
1128 1043 1401 1093 similibusque
1429 1043 1479 1083 cf.
1508 1055 1573 1082 ex-

196 1107 329 1157 empla
357 1119 381 1145 a
408 1106 648 1145 Marklando
677 1106 730 1145 ad
757 1105 777 1144 I
801 1107 848 1156 3,
883 1106 934 1145 56
963 1107 1101 1156 allata,
1130 1106 1273 1156 quibus
1301 1105 1451 1145 addere
1478 1105 1573 1144 mihi

195 1169 316 1208 liceat
351 1168 470 1208 haec:
512 1168 553 1207 II
590 1167 624 1219 1,
656 1168 749 1218 1343
791 1166 847 1207 IV
882 1170 919 1219 2,
946 1167 1017 1219 513
1057 1168 1113 1208 IV
1146 1168 1184 1219 3,
1212 1167 1283 1217 243
1320 1167 1410 1208 Val.
1438 1167 1571 1209 Flacc.

197 1232 274 1272 VII
302 1231 365 1272 69.
419 1234 535 1282 Verg.
563 1231 662 1271 Aen.
690 1232 729 1270 H
755 1232 853 1282 2393
883 1231 968 1272 Cul.
997 1231 1071 1279 353
1101 1231 1178 1272 Cir.
1207 1230 1295 1271 385.

756 1490 795 1533 11
831 1490 873 1543 a,
914 1489 1016 1532 125.

194 1574 240 1610 V.
260 1575 351 1610 121:
380 1573 505 1621 ,Vive,
537 1573 663 1609 Midae
690 1573 794 1621 gazis
824 1577 862 1609 et
890 1572 1000 1622 Lydo
1029 1573 1145 1609 ditior
1172 1585 1277 1622 auro,

378 1627 518 1663 Troica
547 1629 585 1662 et
613 1626 832 1674 Euphratae
861 1638 975 1674 supra
1003 1625 1220 1662 diademata
1248 1626 1354 1674 felix,

378 1678 498 1722 Quem
527 1690 601 1714 non
629 1678 797 1726 ambigui
825 1678 962 1725 fasces,
990 1690 1064 1714 non
1093 1678 1234 1715 mobile
1262 1678 1409 1727 vulgus,

378 1731 462 1767 Non
489 1730 607 1779 leges,
638 1742 711 1767 non
740 1734 865 1766 castra
892 1734 1034 1778 tenent,
1064 1731 1128 1779 qui
1155 1734 1312 1780 pectore
1340 1742 1476 1780 magno

379 1784 569 1832 Spemque
597 1787 815 1831 metumque
843 1783 974 1820 domas
1004 1787 1105 1820 tuto
1135 1783 1334 1822 sublimior
1361 1784 1463 1820 omni

377 1837 588 1884 Exemptus
617 1836 705 1871 fatis
734 1836 1069 1884 indignantemque
1096 1836 1252 1884 repellis

377 1887 622 1935 Fortunamg'

300 1970 576 2021 Corruptelam
604 1969 857 2008 manifestam
886 1970 1025 2019 ,tuto'
1054 1982 1090 2008 v.
1122 1970 1196 2008 125
1223 1970 1420 2010 Domitius
1448 1975 1571 2024 temp-

193 2034 294 2073 tavit
322 2033 550 2073 coniectura
587 2032 764 2083 ,vitio',
800 2044 919 2082 quam
947 2036 1137 2083 tanquam
1164 2045 1299 2073 veram
1326 2045 1463 2074 omnes
1490 2034 1570 2074 edi-

193 2102 300 2137 tores
328 2096 412 2135 sine
441 2096 524 2135 ulla
552 2095 803 2135 dubitatione
830 2100 1065 2146 receperunt
1091 2100 1251 2147 praeter
1277 2109 1398 2137 unum
1415 2097 1569 2137 Baeh-

192 2159 425 2209 rensium,
454 2158 521 2209 qui
549 2158 691 2209 ,astu’
721 2158 761 2197 in
789 2159 999 2198 verborum
1027 2159 1334 2211 perpetuitatem
1352 2160 1568 2200 revocavit.

192 2223 278 2263 Etsi
313 2221 363 2261 de
397 2222 472 2262 hoc
499 2222 658 2262 invento
687 2222 774 2274 ipso
802 2223 968 2261 verbum
995 2222 1119 2261 ullum
1147 2223 1280 2263 facere
1308 2235 1455 2275 operae
1482 2236 1568 2275 pre-

192 2288 289 2327 tium
334 2298 412 2325 non
459 2290 539 2335 cst,
584 2285 648 2326 hic
693 2290 826 2325 tamen
871 2285 931 2325 vir
961 2285 1113 2326 doctus
1159 2298 1208 2326 ea
1253 2285 1304 2326 de
1345 2298 1469 2327 causa
1509 2291 1569 2327 est

192 2349 431 2400 laudandus,
460 2348 566 2399 quod
585 2349 802 2389 Domitiani
830 2349 1080 2389 coniecturae
1108 2350 1384 2390 auctoritatem
1408 2349 1570 2401 infregit

192 2412 607 2464 redintegrandaeque
643 2411 692 2452 de
725 2412 803 2452 ista
839 2412 1125 2465 depravatione
1161 2412 1404 2465 quaestionis
1438 2414 1568 2454 locum

192 2477 315 2517 dedit.
363 2476 451 2523 Qua
478 2477 660 2517 instituta
687 2476 883 2516 neminem
911 2477 1038 2528 fugiet
1063 2482 1224 2529 poetam
1251 2480 1431 2517 nontam
1449 2478 1568 2518 Pollii

192 2542 300 2580 vitae
328 2540 567 2591 probitatem
596 2540 942 2590 integritatemque
970 2540 1179 2581 universae
1207 2540 1394 2581 laudibus
1414 2540 1567 2592 efferre,

192 2617 323 2656 quam,
352 2603 393 2643 id
422 2603 527 2655 quod
557 2615 617 2655 ea,
647 2615 749 2654 quae
776 2603 1039 2654 praecedunt:
