1744 2973
814 171 864 209 38

147 299 380 339 illustretur.
427 300 568 350 Itaque
592 298 873 350 Maduigius
901 298 1119 339 mutatione
1145 298 1282 349 aliqua
1309 309 1408 350 opus
1435 308 1524 337 esse

152 365 264 402 ratus
292 362 422 402 locum
449 362 506 402 ita
533 362 760 414 temptavit:
779 362 803 412 ¹)
833 362 966 413 ,Hunc
993 366 1126 402 tamen
1153 361 1297 401 librum
1324 364 1385 411 tu,
1421 359 1522 399 Mar-

148 425 262 476 celle,
293 425 529 476 defende,
564 424 671 476 sed,
708 426 742 465 si
769 425 944 475 videtur,
978 424 1191 475 hactenus,
1226 424 1266 464 si
1293 423 1437 463 nimis
1463 435 1522 463 re-

149 488 464 541 prehendemur,’
493 489 839 539 coniecturamque
866 500 979 528 suam
1006 488 1067 529 his
1095 487 1328 540 explicavit:
1358 487 1523 538 ,Contra

152 552 315 592 nimiam
343 556 496 592 tantum
522 552 870 604 reprehensionem
898 551 1059 591 defendi
1086 564 1130 591 se
1157 552 1284 604 cupit,
1317 551 1447 591 lenem
1483 554 1523 590 et

152 614 391 656 mediocrem
418 628 546 667 aequo
575 615 707 656 animo
735 616 956 656 subiturus!

261 689 349 735 Qua
368 690 645 730 emendatione
672 691 796 729 verba
823 694 929 729 certe
957 701 1115 728 sensum
1134 689 1306 739 aliquem
1326 688 1523 736 obtinent3

155 754 334 791 attamen
361 752 594 803 ambigitur,
630 765 682 791 an
709 764 856 792 verum.
910 751 1103 803 Exceptio
1131 751 1235 791 enim
1267 751 1357 790 illa:
1400 749 1523 801 ,sed,

154 814 195 853 si
222 814 439 867 videtur,
468 814 723 856 hactenus'
758 827 829 868 per
856 827 899 855 se
927 818 1113 867 suspecta
1140 818 1180 854 et
1206 814 1319 866 mira,
1347 825 1526 867 praeser-

153 878 224 917 tim
251 877 292 917 in
321 883 499 919 extrema
527 878 715 931 epistula,
751 891 838 918 cum
874 877 970 917 nihil
1006 878 1176 929 amplius
1204 877 1395 930 addatur,
1430 878 1524 918 licet

154 953 204 980 ex
244 945 423 982 veterum
457 943 612 983 litteras
652 942 866 983 claudendi
905 955 1014 982 more
1054 946 1322 994 exspectetur,
1362 942 1525 982 nimium

151 1004 274 1043 habet
310 1006 514 1046 artificiosi
551 1010 590 1045 et
625 1006 795 1057 abrupti.
850 1006 951 1044 Tum
984 1017 1110 1055 genus
1143 1005 1301 1045 dicendi
1328 1006 1457 1057 ipsum
1483 1005 1525 1043 in

154 1068 350 1118 angustiis
379 1068 617 1119 quibusdam
651 1068 808 1107 videtur
834 1068 985 1108 versari
1011 1080 1139 1118 neque
1166 1069 1292 1108 oratio
1321 1068 1525 1118 eleganter

154 1130 391 1181 procedere3
419 1144 512 1171 nam
540 1131 690 1170 maiore
718 1130 971 1170 distinctione
999 1134 1089 1182 post
1116 1130 1388 1181 ,hactenus'
1416 1130 1525 1170 facta

155 1193 377 1245 verbisque,
406 1206 509 1244 quae
537 1197 765 1244 sequuntur,
794 1193 948 1244 deletis,
976 1205 1091 1233 nemo
1120 1192 1335 1244 quidquam
1363 1206 1412 1233 ex
1439 1205 1524 1233 sen-

154 1256 281 1295 tentia
321 1257 588 1308 suspicabitur
629 1256 781 1296 deesse.
848 1256 960 1295 Idem
1000 1256 1329 1296 Baehrensius
1369 1269 1525 1306 quoque

156 1318 314 1358 videtur
332 1319 516 1370 sensisse,
536 1319 603 1370 qui
621 1318 814 1370 Maduigii
832 1318 1003 1370 vestigia
1021 1322 1179 1359 secutus
1197 1319 1320 1359 verba
1339 1323 1525 1372 corrupta

156 1382 260 1422 hunc
288 1383 328 1421 in
356 1382 516 1422 modum
544 1382 741 1434 concepit:
785 1382 907 1433 ,hunc
940 1386 1074 1422 tamen
1100 1382 1244 1422 librum
1272 1386 1333 1433 tu,
1361 1383 1432 1433 M.,
1461 1382 1525 1421 de-

157 1445 336 1496 fendes,
362 1446 397 1485 si
426 1445 599 1495 videtur,
628 1451 701 1485 set
728 1446 939 1496 hactenus,
968 1446 1002 1485 si
1029 1445 1145 1485 nimis
1173 1445 1524 1497 reprehendemur!

262 1509 450 1548 Attamen
481 1512 650 1559 utraque
685 1508 913 1548 coniectura
946 1521 1085 1548 vocum
1128 1508 1220 1559 ,sin
1254 1508 1446 1560 minus’,
1486 1508 1527 1548 in

157 1570 301 1621 quibus
336 1584 472 1611 omnes
505 1572 598 1611 libri
633 1572 901 1623 consentiunt,
937 1583 1118 1622 quaeque
1151 1571 1322 1611 omnium
1356 1573 1527 1612 maxime

157 1633 342 1673 videntur
360 1647 447 1674 esse
465 1635 675 1686 genuinae,
702 1648 789 1675 cum
808 1635 922 1687 ipsae
940 1636 1061 1675 verbo
1081 1628 1524 1687 ,reprehendemur’

156 1696 406 1747 antepositae
441 1697 552 1736 aliud
588 1697 789 1747 quoddam
823 1697 944 1747 idque
977 1698 1099 1737 multo
1141 1697 1278 1737 scitius
1317 1697 1452 1747 reique
1486 1701 1526 1736 et
1559 1729 1563 1731 >

155 1759 222 1799 isti
250 1760 371 1799 verbo
398 1760 476 1812 ipsi
503 1760 747 1800 commodius
775 1760 996 1800 antitheton
1029 1760 1289 1800 inchoaturae
1315 1760 1412 1810 sint,
1439 1772 1528 1812 pro·

156 1822 246 1873 pria
280 1822 408 1862 forma
443 1836 491 1862 ac
524 1823 585 1862 vis
619 1822 813 1862 delentur.
868 1823 932 1862 Ad
968 1835 1179 1863 summam:
1220 1823 1350 1862 locum
1385 1822 1443 1863 sic
1469 1835 1527 1864 re-

156 1885 294 1925 stituo:

164 1950 166 1953 ’
210 1959 344 2009 ,Hunc
367 1964 501 2000 tamen
521 1960 665 2000 librum
684 1965 739 2011 tu,
766 1961 967 2010 Marcelle,
996 1959 1198 2010 defendes,
1228 1963 1279 2010 et,
1308 1960 1341 1999 si
1359 1959 1527 2010 videtur,

211 2021 460 2072 laudemur3
488 2024 550 2063 sin
577 2024 725 2063 minus:
755 2022 1191 2075 reprehendamur!

260 2106 320 2144 En
347 2106 474 2146 habes
508 2108 745 2146 sententiam
781 2111 863 2146 tum
899 2107 1189 2146 concinniorem
1225 2110 1264 2145 et
1291 2106 1527 2158 teretiorem,

156 2172 237 2207 tum
280 2169 403 2208 multo
445 2169 720 2209 dilucidiorem
761 2173 881 2220 atque
922 2169 1118 2222 epistulae
1158 2168 1361 2208 clausulae
1400 2169 1528 2220 magis

157 2232 511 2272 accommodatam.
582 2233 708 2273 Poeta
760 2233 863 2273 enim
916 2233 1060 2273 librum
1111 2244 1224 2272 suum
1268 2244 1293 2271 a
1337 2231 1527 2272 Marcello

155 2294 362 2335 defensum
411 2295 460 2335 iri
513 2308 585 2347 pro
635 2300 743 2336 certo
790 2296 938 2347 habet,
995 2294 1155 2335 laudem
1209 2307 1303 2334 vero
1354 2298 1423 2335 aut
1470 2308 1527 2335 re-

153 2357 457 2410 prehensionem
485 2358 649 2398 arbitrio
681 2359 955 2409 voluntatique
982 2358 1100 2399 amici
1128 2358 1396 2409 lectorumque
1424 2370 1526 2399 com-

153 2421 283 2460 mittit.

260 2579 285 2620 ¹)
308 2578 459 2611 Advers.
483 2579 558 2611 crit.
583 2579 653 2611 vol.
677 2579 708 2610 ΙΙ
731 2588 764 2620 p.
791 2579 862 2611 161.
