1744 2973
835 188 887 228 56

726 317 765 360 v
800 317 842 372 3,
879 316 986 361 277.

361 401 435 449 ,At
462 411 543 448 vos,
571 400 788 438 umbrarum
816 412 925 449 reges
953 404 1205 448 aetneaqne
1231 399 1323 437 Iuno

356 453 417 502 (Si
443 452 633 489 laudanda
659 453 812 502 precor)
839 452 971 489 taedas
998 452 1147 490 auferte
1174 463 1378 501 comasque

358 505 630 553 Eumenidum3
658 505 772 566 nullo·
792 509 902 543 sonet
929 516 1041 555 asper
1067 505 1207 562 ianitor
1233 504 1338 543 ore!'

275 588 562 640 Antiquissima
595 600 632 629 v.
668 586 744 628 277
779 587 973 629 memoria
1007 587 1169 629 exhibet
1210 588 1541 640 ,aetneaque’;

170 653 315 694 novicii
353 664 448 693 vero
490 651 606 692 codd.
647 651 853 693 doctorum
897 652 1087 692 Italorum
1128 651 1364 692 coniecturis
1405 650 1542 691 infecti

170 715 333 756 tradunt
361 715 706 766 ,aeternaque’
733 715 818 755 sive
847 715 1175 767 ,eternaque'3
1202 713 1451 754 Gronovio
1475 713 1542 754 de-

169 779 308 819 bemus
336 778 646 830 ,Enneaque',
675 790 778 829 quae
805 777 1034 819 coniectura
1049 789 1122 830 per
1138 777 1330 830 plurimas
1348 776 1542 818 editiones

171 845 231 881 est
256 844 494 893 propagata.

274 914 399 955 Godd.
415 914 651 966 scripturam
671 945 681 966 ,
690 927 716 955 a
724 927 746 954 e
754 918 802 954 tn
813 927 835 954 e
843 927 868 955 a
876 927 902 966 q
910 927 937 955 u
945 926 968 955 e
974 915 983 932 ’
997 914 1039 954 in
1053 913 1382 969 disceptationem
1397 922 1541 955 vocare

169 989 269 1030 opus
301 990 381 1018 non
414 980 487 1028 est,
528 989 621 1017 nam
647 977 924 1030 Proserpinae,
964 977 1192 1017 umbrarum
1221 976 1397 1029 reginae,
1437 989 1542 1029 quae

170 1042 257 1081 loco
284 1043 419 1081 nostro
446 1040 613 1091 ‚Iunonis
640 1040 798 1081 nomine
826 1053 851 1081 a
877 1043 998 1093 poeta
1025 1040 1298 1093 compellatur,
1324 1040 1423 1081 nihil
1451 1053 1540 1081 eum

168 1105 326 1145 Aetna
366 1107 499 1144 monte
540 1116 629 1144 esse
668 1104 805 1155 liquet.
859 1104 1073 1156 Epitheton
1111 1107 1246 1145 autem
1287 1105 1539 1156 ‚aeterna’‚

168 1168 233 1208 cui
260 1167 512 1215 Queekius
538 1166 732 1219 indulget,
773 1179 862 1208 cum
895 1178 968 1219 per
1001 1178 1045 1207 se
1072 1166 1126 1207 ad
1151 1166 1430 1220 Proserpinam
1456 1167 1541 1208 lau-

168 1229 345 1271 dandam
379 1243 521 1282 parum
547 1230 658 1283 facit,
698 1235 781 1271 tum
808 1233 943 1271 nostro
971 1230 1072 1282 loco,
1111 1230 1181 1271 ubi
1206 1231 1368 1272 Iunonis
1399 1243 1541 1282 cogno-

169 1293 286 1345 mine,
327 1293 438 1334 Jovis
472 1294 586 1335 uxori
620 1305 930 1347 superorumque
964 1293 1127 1346 reginae
1160 1293 1321 1347 proprio
1336 1305 1397 1337 Aac
1423 1306 1539 1347 pecu—

167 1357 271 1408 liari,
298 1360 472 1408 ornatur,
498 1357 655 1397 omnino
673 1369 903 1409 perversum
920 1357 1175 1409 ineptumque
1193 1360 1254 1397 est
1269 1356 1539 1408 iudicandum.

170 1420 366 1460 Nimirum
399 1431 537 1460 vocem
573 1420 749 1470 aliquam
784 1419 1069 1471 desideramus,
1110 1431 1190 1470 qua
1220 1419 1321 1460 haec
1350 1420 1450 1460 Iuno
1483 1420 1539 1460 in-

169 1483 283 1523 ferna
322 1496 349 1523 a
382 1483 533 1523 Iunone
573 1495 746 1536 superna
787 1496 835 1524 ac
873 1495 971 1524 vera
1011 1483 1216 1524 commode
1261 1482 1538 1536 distinguatur,

168 1558 326 1597 quaque
352 1559 389 1587 v·
408 1546 485 1586 277
513 1545 728 1587 inferorum
751 1547 942 1588 Iunonem
968 1545 1278 1598 intellegendam
1305 1558 1394 1587 esse
1419 1558 1538 1598 quam

168 1609 388 1650 clarissime
434 1621 676 1650 moneamur.
745 1609 861 1658 Quod
907 1609 993 1650 fieri
1039 1623 1118 1651 non
1157 1613 1306 1664 potest,
1344 1609 1423 1651 nisi
1462 1610 1538 1651 hac

166 1673 340 1725 ratione,
381 1676 426 1713 ut
464 1686 544 1714 non
584 1673 790 1725 quodlibet
827 1673 1090 1727 Proserpinae
1130 1672 1333 1727 epitheton
1370 1686 1538 1725 usquam

168 1737 328 1777 obvium
355 1736 626 1788 investigetur,
662 1736 735 1777 sed
761 1741 804 1777 ut
831 1737 934 1778 orei
961 1736 1198 1787 significatio
1226 1736 1424 1788 quaedam
1449 1750 1538 1789 pro—

167 1803 351 1850 ponatur.
430 1799 570 1850 Itaque
623 1799 862 1840 Gronovii
923 1800 1190 1840 coniecturam
1252 1800 1536 1852 ,Enneaque’

166 1862 379 1914 repudiare
412 1875 491 1902 non
525 1862 816 1914 dubitabimus,
855 1865 949 1914 quia
988 1875 1068 1904 non
1099 1863 1266 1903 Hennae
1298 1864 1536 1916 Proserpina

167 1929 254 1964 erat
293 1926 411 1976 Iuno,
452 1924 525 1965 sed
564 1925 674 1978 apud
712 1925 872 1967 inferos.
883 1926 909 1977 ¹)
975 1924 1255 1969 Desideratam
1294 1925 1415 1979 igitur
1453 1926 1536 1967 orci

141 2030 143 2032 ,
165 1988 496 2039 significationem
522 1989 766 2029 affectabant
782 1990 852 2029 Ko
863 1989 1001 2030 chius
1029 1993 1069 2029 et
1094 1989 1343 2041 Krause,²)
1371 2001 1535 2040 quorum

164 2054 330 2102 uterque
372 2051 698 2104 ,infernaque'
739 2051 991 2092 scribendum
1031 2052 1246 2105 proposuit.
1301 2054 1411 2102 Quae
1446 2065 1534 2094 con-

164 2115 329 2167 iectura,
369 2128 596 2167 quanquam
630 2115 684 2157 ad
719 2116 956 2157 sententiam
989 2116 1137 2168 optime
1176 2114 1359 2167 quadrat,
1400 2119 1533 2156 tamen

164 2177 240 2218 hoc
266 2178 362 2218 vitio
388 2178 559 2230 laborat,
586 2178 693 2229 quod
720 2191 798 2219 non
820 2182 903 2219 tam
930 2178 987 2221 ad
1003 2178 1302 2229 antiquissimae
1320 2178 1534 2219 memoriae

165 2239 475 2293 similitudinem,
503 2254 622 2293 quam
647 2241 807 2293 quidem
824 2242 850 2282 l.
870 2242 991 2293 Sang.
1017 2244 1057 2282 et
1082 2241 1304 2283 collationis
1330 2245 1371 2282 et
1394 2254 1532 2294 apogr.

252 2377 277 2419 l)
301 2376 372 2411 Suo
402 2378 477 2411 iure
508 2387 537 2410 e.
566 2387 618 2420 gr.
640 2378 853 2420 Proserpina
880 2378 975 2421 apud
995 2378 1172 2412 Lucanum
1193 2377 1243 2413 VI
1265 2377 1329 2411 740
1356 2378 1531 2421 ,Ennea’

164 2431 370 2473 appellatur,
405 2431 486 2473 quia
517 2431 565 2464 ibi
595 2432 682 2464 deae
709 2432 811 2465 istius
842 2432 999 2474 cultus,
1034 2431 1093 2475 qui
1114 2431 1257 2465 Hennae
1280 2434 1357 2464 erat
1378 2431 1530 2465 celeber-

162 2484 280 2526 rimus,
309 2494 378 2517 non
400 2493 500 2526 vero,
527 2486 567 2517 ut
588 2487 712 2517 nostro
734 2485 824 2528 loco,
846 2494 1019 2528 regnum
1040 2484 1253 2518 infernum
1274 2485 1531 2528 perstringitur.

252 2538 279 2579 ²)
312 2537 365 2571 cf.
399 2537 516 2572 theses
550 2538 688 2573 dissert.
727 2538 796 2581 ,De
830 2540 868 2572 P.
903 2538 1006 2573 Statii
1044 2539 1362 2581 comparationibus
1400 2537 1529 2581 epicis.’
1589 2549 1594 2556 ·

162 2590 271 2625 Hauis
295 2591 388 2624 1871.
