1744 2973
851 173 903 211 40

190 301 232 339 in
259 304 444 351 promptu
479 300 608 340 habeo
645 300 890 340 facillimam.
945 301 1057 341 Voce
1084 301 1188 341 enim
1216 302 1469 352 ,requiem’
1498 316 1563 343 ex-

187 368 299 403 trusa
325 363 457 403 locum
493 363 550 403 sic
585 364 769 403 restituo:
812 363 890 415 ,Et
923 364 1122 413 regimen
1155 364 1217 404 bis
1254 369 1390 405 sextus
1422 365 1563 406 honos'

185 430 307 477 atque
334 431 426 477 post
456 438 595 466 vocem
624 426 818 477 ,honos',
846 431 889 466 ut
916 440 991 478 par
1018 432 1090 478 est,
1119 427 1333 478 distinguo.
1386 429 1562 469 Proinde

187 490 311 529 verba
339 489 397 529 sic
424 489 691 529 construenda
718 494 830 529 sunt:
861 490 971 541 ‚novi
998 490 1129 530 fasces
1157 491 1314 530 subiere
1340 491 1495 543 palatia
1523 496 1563 531 et

189 553 253 592 hic
289 553 351 592 bis
387 556 522 592 sextus
556 552 682 592 honos
724 553 846 592 subiit
885 553 1093 604 imperium
1134 554 1218 593 sive
1259 554 1561 605 imperatorem,'

187 620 397 665 utrumque
435 615 538 654 enim
572 616 718 654 tolerat
752 628 903 655 sensus.
957 616 1285 656 Emendationem
1312 629 1442 655 meam
1469 629 1563 657 usus

187 678 296 718 vocis
325 678 585 729 ,regimen'
615 679 867 730 comprobat3
896 678 946 718 de
973 691 1050 730 quo
1078 679 1128 719 cf.
1157 679 1282 720 Theb.
1309 680 1369 719 XI
1396 679 1491 719 655:

317 781 530 792 ......
559 753 653 802 ,Pro
682 754 821 790 blanda
848 757 1018 803 potestas

317 805 369 842 Et
396 806 538 855 sceptri
567 806 666 843 male
694 806 831 843 suadus
860 808 982 844 amor!
1012 818 1250 855 nunquamne
1276 807 1445 856 priorum

318 858 541 895 Haerebunt
569 859 795 896 documenta
822 859 959 896 novis?
987 860 1094 896 iuvat
1122 871 1212 896 ecce
1239 860 1387 897 nefasto

320 910 430 947 Stare
457 911 543 947 loco
571 912 867 960 regimenque
895 924 1007 948 manu
1034 915 1201 948 tractare
1228 912 1463 959 cruentum3'

189 982 285 1022 ibid.
314 983 394 1022 XII
423 983 473 1022 89
508 986 548 1022 et
581 983 636 1022 IV
664 982 753 1022 536.
807 983 948 1023 Juven.
978 983 1074 1023 XVI
1100 983 1170 1036 543
1206 984 1354 1025 Lucan.
1383 984 1458 1024 VH
1488 985 1562 1024 126

188 1049 227 1084 et
253 1046 312 1084 IX
340 1045 430 1085 345.
477 1045 617 1085 Senec.
646 1045 852 1086 Phoeniss.
882 1047 915 1086 1.
962 1046 1046 1086 Liv.
1076 1046 1132 1086 IV
1159 1047 1222 1099 31,
1251 1048 1296 1087 5:
1326 1046 1444 1099 ,nihil
1473 1060 1560 1087 cen-

188 1108 295 1147 soria
330 1108 623 1148 animadversio
661 1108 812 1160 effecit,
855 1109 1061 1160 quominus
1096 1110 1314 1161 regimen
1347 1122 1479 1149 rerum
1512 1121 1562 1150 ex

186 1175 325 1211 notata
353 1171 515 1223 indigne
543 1171 660 1212 domo
688 1173 926 1224 peteretur'3
955 1172 1044 1213 Val.
1072 1172 1179 1213 MaX.
1207 1173 1227 1211 I
1256 1174 1290 1224 1,
1318 1174 1363 1225 93
1391 1173 1483 1213 alia.

763 1439 822 1481 1v
857 1439 899 1493 a,
937 1440 979 1482 6.

186 1533 232 1570 V.
265 1537 303 1570 1:
343 1534 484 1584 ,Regia
512 1533 692 1570 Sidoniae
720 1534 896 1570 convivia
924 1534 1055 1571 laudat
1081 1534 1244 1578 Elissae,

342 1585 414 1630 Qui
444 1598 620 1634 magnum
647 1586 805 1622 Aenean
832 1586 1083 1623 Laurentibus
1111 1587 1239 1623 intulit
1266 1588 1379 1634 arvis,

343 1638 572 1686 Alcinoique
600 1637 718 1687 dapes
747 1650 923 1675 mansuro
952 1640 1119 1675 carmine
1146 1642 1342 1687 monstrat,

345 1691 525 1739 Aequore
553 1691 617 1739 qui
646 1690 765 1727 multo
794 1690 972 1727 reducem
1001 1692 1234 1741 consumpsit
1261 1690 1426 1728 Ulixem.

343 1743 416 1779 Ast
444 1755 529 1793 ego,
558 1743 618 1779 cui
647 1755 778 1780 sacrae
806 1742 949 1780 Caesar
975 1756 1076 1781 nova
1102 1744 1240 1793 gaudia
1267 1755 1385 1780 cenae

341 1796 451 1833 Nunc
478 1796 641 1844 primum
670 1796 898 1845 dominaque
925 1796 1032 1833 dedit
1059 1808 1348 1846 consurgere
1375 1808 1517 1845 mensa,

342 1847 426 1894 Qua
454 1848 646 1885 celebrem
675 1860 760 1885 mea
787 1854 878 1886 vota
905 1850 1001 1898 lyra,
1031 1861 1124 1898 quas
1153 1850 1304 1887 solvere
1331 1854 1458 1899 grates

339 1901 577 1938 Sufficiam?

285 1994 462 2034 Verbum
504 1994 839 2045 ,consurgere'
880 2008 917 2034 v.
960 1995 984 2034 6
1025 1994 1264 2035 Marklando
1307 1996 1556 2047 corruptelae

181 2058 448 2109 suspicionem
467 2057 552 2096 iure
571 2057 718 2107 iniecit,
747 2070 839 2097 nam
867 2058 919 2097 ab
948 2059 1053 2097 omni
1073 2058 1299 2098 urbanitate
1318 2058 1555 2108 dicendique

178 2120 393 2170 elegantia,
424 2132 475 2159 ne
503 2119 634 2159 dicam
662 2120 815 2159 ratione
844 2121 1017 2160 alienum
1044 2120 1173 2160 videri
1200 2120 1339 2172 possit,
1375 2121 1409 2159 si
1435 2127 1555 2172 poeta

176 2194 337 2223 carmen
366 2194 481 2222 suum
509 2181 826 2234 eucharisticum,
854 2182 961 2233 quod
988 2186 1165 2234 vocatur,
1193 2183 1408 2235 ingressus,
1435 2183 1554 2224 hono-

175 2259 259 2286 rem
286 2247 399 2286 illum
426 2258 622 2286 summum
651 2249 770 2296 atque
787 2246 990 2297 gaudium,
1019 2247 1125 2297 quod
1154 2248 1206 2287 ab
1234 2247 1473 2299 imperatore
1500 2248 1553 2288 ad

183 2322 324 2349 cenam
359 2321 516 2349 sacram
553 2312 639 2348 erat
674 2309 841 2361 ascitus,
882 2309 958 2350 hac
992 2310 1033 2349 in
1066 2321 1110 2349 re
1144 2310 1392 2362 potissimum
1431 2310 1553 2350 fuisse

173 2373 346 2424 positum
376 2372 629 2424 profiteatur,
657 2372 763 2421 quod
790 2373 867 2413 sibi
895 2373 1080 2413 Caesaris
1108 2385 1245 2413 mensa
1272 2385 1434 2424 surgere
1461 2386 1552 2425 epu-

172 2436 312 2486 lasque
341 2436 567 2486 relinquere
594 2434 769 2487 licuerit,
803 2436 918 2486 quasi
952 2436 1068 2476 huius
1103 2437 1245 2489 copiae
1272 2436 1552 2487 facultatisque

170 2499 375 2540 desiderio
403 2499 566 2540 iamiam
594 2499 802 2540 tabuisset.
857 2500 1040 2553 Ineptum
1067 2500 1188 2552 igitur
1215 2501 1300 2541 sine
1327 2499 1450 2541 dubio
1477 2500 1552 2541 hoc

173 2563 333 2603 dicendi
368 2575 494 2613 genus
530 2569 591 2602 est
625 2562 882 2603 iudicandum
923 2564 1278 2615 emendationeque
1317 2563 1549 2604 tollendum.
