1744 2973
802 157 854 196 43

142 284 441 327 difficultatibus
459 284 579 325 liceat
605 284 790 337 taceam),
817 284 1023 338 quominus
1045 284 1090 325 Ο.
1113 282 1375 334 Muelleri¹)
1396 295 1498 322 com-

142 352 313 390 mentum
341 348 571 398 ,subeant
597 349 719 388 arte'
747 348 965 388 laudemus.

243 411 297 451 Ut
322 410 666 462 Marklandus,
701 411 758 450 ita
785 411 904 450 etiam
931 409 1185 460 Kochius²)
1221 411 1346 462 probe
1375 411 1496 449 sentit

143 476 182 513 in
221 474 297 512 hoc
336 473 474 512 omnia·
507 474 627 523 verti,
667 478 711 512 ut
743 473 981 513 adiectivum
1015 473 1177 523 aliquod
1211 473 1404 524 superiori
1438 472 1499 511 illi

143 535 485 589 ,accommoda'
514 535 815 586 exaequandum
847 535 1067 587 indagetur.
1121 536 1201 576 Sed
1228 548 1357 586 neque
1383 536 1499 575 huius

143 598 390 652 ‚grandes’
418 611 492 638 nec
518 598 745 638 Marklandi
773 598 949 649 ,validi
976 598 1130 638 lacerti⁷
1158 598 1500 651 palaeographiae

142 661 360 703 rationibus
403 665 486 702 tam
529 661 755 714 sufficiunt,
806 673 924 713 quam
967 662 1001 702 si
1046 674 1095 701 ex
1139 674 1228 702 mea
1273 662 1502 703 coniectura

142 725 345 780 ‚teretes’
373 726 665 766 substituemus.
710 725 839 772 Quam
856 738 994 765 vocem
1020 725 1115 765 mihi
1130 725 1322 778 imprimis
1339 726 1500 766 Sueton.

141 791 300 831 Caesar.
328 801 361 830 c.
389 788 441 829 45
468 789 682 841 suggessit,
710 788 779 828 ubi
805 788 992 839 legimus:
1034 787 1191 838 ,Fuisse
1223 788 1392 828 traditur
1419 801 1502 828 ex-

143 853 278 893 celsa
305 855 477 903 statura,
514 853 646 892 colore
674 851 865 902 candido,
899 851 1231 902 teretibusque
1258 853 1501 904 membris,

143 928 208 956 ore
233 915 354 967 paulo
389 916 584 968 pleniore,
620 915 743 966 nigris
777 915 1059 965 vegetibusque
1093 915 1237 965 oculis,
1272 916 1499 955 valetudine

141 979 355 1031 prospera-¹
415 979 640 1021 Notabilem
673 991 767 1018 vero
800 978 902 1017 inter
935 978 1037 1017 hunc
1078 981 1117 1017 et
1157 981 1332 1018 nostrum
1370 979 1499 1019 locum

140 1041 383 1081 intercedere
410 1042 704 1081 similitudinem
740 1041 989 1091 cognoveris,
1030 1041 1065 1080 si
1098 1054 1175 1080 non
1208 1041 1324 1080 modo
1351 1054 1501 1093 versus,

140 1104 206 1155 qui
232 1104 410 1156 proxime
436 1109 663 1157 sequuntur,
690 1103 762 1144 sed
780 1103 899 1143 etiam
926 1116 988 1143 vv.
1008 1105 1032 1143 8
1052 1107 1091 1143 et
1108 1104 1133 1143 9
1152 1104 1315 1155 eclogae
1343 1108 1502 1145 nostrae

141 1168 425 1220 composueris:

270 1242 373 1287 ‚Illic
401 1243 593 1293 egregium
621 1243 816 1292 formaque
843 1243 1054 1292 animisque
1081 1242 1228 1281 videbis

271 1295 492 1333 Marcellum
521 1300 560 1333 et
587 1296 716 1333 celso
744 1296 981 1345 praesignem
1010 1297 1195 1333 vertice
1221 1297 1380 1335 nosces.'

145 1369 287 1409 Catull.
314 1368 378 1420 61,
409 1368 501 1408 176:
544 1367 895 1420 ,bracchiolum
927 1370 1086 1408 teres'.
1140 1369 1277 1409 Horat.
1305 1370 1435 1410 Carm.
1463 1371 1502 1410 II

143 1432 180 1483 4,
221 1432 290 1471 21:
332 1432 547 1484 ,Bracchia
587 1435 626 1471 et
665 1432 813 1471 voltum
854 1436 1122 1483 teretesque
1162 1445 1303 1473 suras
1343 1434 1501 1485 Integer

142 1494 299 1547 laudo’3
333 1495 457 1535 eiusd.
485 1496 558 1547 Ep.
586 1495 647 1534 XI
673 1496 736 1535 28.
791 1494 906 1535 Ovid.
933 1495 1017 1534 Art.
1045 1508 1122 1535 am.
1151 1496 1171 1534 Ι
1198 1496 1285 1535 622.
1340 1497 1497 1537 Lucret.

142 1556 161 1596 I
188 1557 251 1597 35.
305 1558 406 1597 Stat.
432 1558 576 1597 Achill.
604 1558 624 1596 I
650 1558 739 1597 609.
793 1558 910 1608 Verg.
938 1559 1036 1598 Aen.
1064 1559 1162 1598 VIII
1189 1558 1277 1598 633.

697 1816 757 1859 IV
790 1815 834 1870 5,
875 1817 946 1860 11.

413 1899 542 1946 ,Nunc
569 1902 704 1935 cuncta
730 1899 861 1936 veris
889 1899 1084 1936 frondibus
1112 1902 1243 1937 annuis

413 1950 579 1988 Crinitur
606 1951 731 2001 arbos,
760 1963 857 1988 nunc
884 1952 1080 1990 volucrum
1106 1954 1195 1991 novi

413 2003 576 2049 Questus
603 2005 917 2054 inexpertumque
944 2017 1108 2054 carmen,

415 2055 525 2101 Quod
551 2057 667 2093 tacita
695 2060 862 2094 statuere
889 2058 1046 2095 bruma.'

242 2138 564 2179 Marklandus
587 2134 729 2179 'vocem
757 2139 924 2191 ,veris’
952 2139 1013 2179 his
1040 2139 1247 2180 sollicitat:
1277 2140 1502 2191 ,Frondi-

138 2202 226 2241 bus
260 2202 438 2242 annuis
473 2202 618 2241 veris’
652 2202 747 2241 ferri
786 2215 865 2241 non
905 2206 1053 2253 potest,
1095 2215 1183 2241 cum
1223 2203 1321 2242 satis
1360 2202 1501 2242 fuisset

139 2263 288 2304 dixisse
329 2263 607 2315 ,frondibus
642 2264 817 2304 annuis
850 2265 1060 2304 crinitur
1094 2265 1261 2305 arbos.’
1315 2265 1503 2315 ,Vernis

139 2325 412 2367 frondibus'
442 2326 631 2379 optimum
666 2330 789 2377 esset3
830 2326 901 2366 sed
935 2326 1030 2377 quid
1063 2331 1146 2367 tum
1180 2327 1291 2367 fieret
1316 2327 1369 2379 τῷ
1399 2340 1503 2378 ,an-

139 2388 276 2429 nuis'.
330 2389 471 2440 Itaque
501 2390 744 2440 ,vernans'
773 2390 853 2441 legi
880 2391 1042 2430 mavult.

247 2515 273 2557 ¹)
296 2515 438 2555 Quaest.
461 2515 549 2549 Stat.
570 2516 685 2549 Berol.
710 2515 800 2549 1861.
824 2526 858 2559 p.
881 2516 932 2550 30.

246 2569 274 2610 ²)
296 2569 335 2604 L.
358 2579 389 2603 c.
410 2579 445 2611 p.
468 2569 519 2601 15.
