1744 2973
884 174 930 213 17

217 314 306 343 esse
333 301 573 343 audiendum
596 301 661 341 vis
689 312 860 352 ususque
887 300 1003 341 huius
1037 302 1149 343 verbi
1183 302 1398 354 praecipue
1433 302 1590 353 docent,

217 378 321 417 quae
355 366 450 417 licet
485 377 704 418 cognoscas
741 377 790 405 ex
825 364 923 405 locis
958 365 1115 407 collatis
1142 365 1223 406 his:
1260 365 1356 407 Silv.
1385 366 1446 406 ΠΙ
1472 366 1511 417 4,
1539 366 1590 406 39

217 433 258 470 et
284 429 319 469 V
346 429 385 481 5,
412 429 457 482 53
492 429 635 470 Achill.
663 429 684 468 I
714 428 800 480 142,
841 427 927 479 146,
956 428 1033 469 635
1061 433 1100 470 et
1126 429 1166 470 11
1193 430 1256 482 60,
1287 429 1381 480 1013
1417 429 1543 470 Theb.
1572 429 1592 469 Ι

217 493 315 545 678;
341 490 383 533 Il
409 494 507 544 3423
533 493 594 534 III
621 493 685 544 61,
712 492 811 543 5723
839 492 874 532 V
901 492 996 544 6233
1023 493 1102 533 XII
1129 494 1226 545 3763
1253 494 1369 534 Mart.
1398 493 1434 533 V
1464 494 1524 545 13,
1556 495 1590 533 1.

320 557 499 608 Longum
526 568 619 596 vero
648 560 726 607 est,
762 556 939 606 singulas
972 556 1215 607 singulorum
1244 557 1512 608 coniecturas,
1547 560 1591 596 ut

149 672 151 674 q
215 620 498 660 Marklandi
535 619 784 672 ,pariter',
820 622 1027 669 utramque
1055 633 1080 660 a
1108 619 1370 671 Queckio¹)
1399 633 1590 660 memora—

216 687 317 724 tam:
359 688 488 734 ,muta
528 683 696 723 domus
736 682 908 722 facies'
956 686 995 722 et
1037 687 1165 734 ,muta
1205 683 1344 724 domus
1383 684 1586 732 Melior',

215 746 588 800 Appelmanni²)
635 746 879 799 ,penitus’,
925 745 1264 798 Baehrensii³)
1311 751 1431 799 ,stat
1476 748 1588 798 ero',

216 810 441 851 accuratius
480 822 735 862 percensere,
778 822 866 850 cum
902 822 1038 850 earum
1077 810 1207 862 nulla,
1249 810 1588 863 palaeographiae

215 873 486 914 sententiaeve
514 874 549 913 si
575 878 733 926 spectas
762 873 1166 925 commendationem,
1195 874 1411 926 quidquam
1440 874 1587 915 habeat

215 936 523 990 probabilitatis.
568 937 848 977 Verumtamen
876 936 927 977 de
955 941 1174 978 commento
1202 938 1422 989 ,Melior’
1449 939 1589 990 paucis

216 1000 481 1050 disseruerim,
509 1012 598 1039 cum
625 1012 750 1040 novus
770 1000 807 1038 ei
826 999 1021 1039 exstiterit
1038 1004 1247 1051 patronus:
1276 1001 1586 1051 Polsterus.⁴)

216 1061 328 1110 Quae
363 1062 606 1113 coniectura,
648 1074 873 1113 quanquam
906 1062 1033 1114 primo
1062 1065 1200 1103 obtutu
1229 1063 1406 1103 nonnihil
1433 1063 1583 1104 arridet

215 1126 329 1167 nobis
356 1126 634 1177 ingeniumque
656 1125 821 1176 redolet,
851 1126 1041 1166 orationis
1068 1126 1195 1165 tenori
1223 1126 1586 1177 sententiarumque

216 1188 383 1229 conexui
409 1188 661 1238 adversatur,
697 1201 790 1228 nam
818 1188 1046 1240 enunciato,
1086 1188 1191 1240 quod
1218 1188 1399 1241 proxime
1426 1188 1519 1234 inde
1547 1202 1584 1230 a.

214 1266 250 1292 v.
279 1251 330 1292 66
358 1252 552 1302 sequitur:

372 1324 491 1373 ,Quid
520 1326 667 1372 mirum,
696 1329 802 1362 tanto
831 1326 864 1361 si
891 1329 937 1361 te
963 1326 1048 1374 pius
1076 1326 1176 1362 altor
1202 1327 1366 1364 honorat

370 1378 543 1415 Funere?
571 1383 619 1415 tu
648 1377 799 1415 domino
827 1378 979 1426 requies
1006 1382 1213 1428 portusque
1242 1383 1431 1429 senectae,

370 1431 435 1468 Tu
463 1431 576 1468 modo
604 1431 777 1479 deliciae,
806 1430 935 1467 dulces
965 1431 1077 1478 modo
1106 1435 1262 1480 pectore
1289 1432 1441 1479 curae3’

214 1517 292 1545 non
319 1503 487 1544 Atedius
514 1503 673 1554 Melior,
710 1502 782 1543 sed
810 1506 947 1543 contra
976 1504 1060 1543 eius
1088 1503 1283 1544 delicatus
1312 1505 1585 1557 compellatur.

213 1568 407 1609 Nimirum
434 1567 612 1618 generali
639 1567 710 1607 illa
738 1567 917 1608 oratione
944 1566 1037 1607 inde
1065 1581 1090 1607 a
1117 1581 1152 1607 v.
1182 1568 1231 1607 57
1261 1568 1441 1608 instituta
1468 1573 1589 1620 poeta

215 1644 240 1670 a
275 1630 457 1671 domini
491 1629 731 1682 apostrophe
766 1629 819 1669 ad
854 1629 1030 1669 famuli
1064 1630 1281 1680 alloquium
1316 1631 1393 1670 sibi
1429 1632 1587 1682 paravit

214 1694 441 1744 transitum,
482 1692 647 1745 perinde
682 1696 802 1743 atque
836 1692 1035 1732 inversam
1069 1693 1261 1732 rationem
1298 1705 1361 1733 vv.
1389 1693 1442 1732 54
1469 1698 1509 1733 et
1535 1694 1587 1733 55

214 1756 522 1797 observavimus.
577 1754 692 1803 Quod
728 1759 872 1807 poetae
907 1755 1114 1795 consilium
1149 1756 1398 1807 ingeniosum
1433 1760 1472 1796 et
1499 1757 1590 1797 arti-

213 1820 392 1861 ficiosum
428 1819 598 1860 Polsteri
638 1819 864 1859 coniectura
904 1818 1080 1859 admissa
1128 1819 1463 1872 importunissime
1514 1824 1589 1860 tur-

214 1884 343 1925 batur.

320 1958 591 1999 Certissimum
617 1963 751 1999 tamen
778 1959 864 1999 sine
892 1958 1012 1999 dubio
1039 1958 1285 1999 difficultatis
1313 1959 1588 2011 expediendae

215 2034 406 2075 ponemus
451 2021 750 2062 fundamentum
796 2022 950 2063 duobus
995 2022 1262 2074 argumentis,
1317 2023 1460 2073 quibus
1506 2027 1589 2064 tum

216 2086 458 2126 elocutiones
491 2087 593 2126 istae
628 2090 782 2136 ‚muta
822 2085 1029 2134 domus',
1071 2085 1310 2136 ,desolati
1350 2088 1587 2138 penates',

215 2149 364 2200 ,situs
391 2149 439 2188 in
467 2149 738 2198 thalamis⁷,
768 2152 976 2200 ,maesta
995 2148 1197 2189 silentia
1215 2149 1414 2189 mensis’
1434 2150 1588 2189 ratione

215 2211 389 2262 quadam
428 2213 644 2264 probentur
685 2215 725 2251 et
759 2212 1023 2263 explicentur,
1064 2216 1145 2250 tum
1182 2211 1441 2263 exclamatio,
1483 2224 1603 2263 quae·

215 2274 394 2315 versibus
414 2276 463 2315 67
484 2278 523 2315 et
542 2275 592 2315 68
619 2274 853 2326 continetur,
881 2274 1079 2327 particula
1106 2274 1254 2327 aliqua,
1283 2288 1402 2326 quam
1429 2280 1585 2327 vocant,

322 2424 347 2465 ¹)
371 2422 423 2457 Of.
446 2422 678 2465 praefationis
701 2423 865 2457 editionis
887 2434 922 2466 p.
945 2423 1040 2457 XIII.

321 2477 350 2516 ²)
375 2475 499 2510 Studia
520 2476 722 2519 Papiniana,
746 2476 938 2510 Demminii.
964 2476 1058 2519 1872,
1081 2487 1116 2519 p.
1138 2476 1190 2509 24.

323 2531 349 2572 ³)
372 2530 457 2564 Mus.
480 2531 589 2565 Rhen.
612 2541 646 2565 v.
670 2530 820 2565 XXVIII
842 2541 876 2574 p.
899 2530 972 2564 255.

322 2585 350 2626 ⁴)
374 2583 604 2624 Quaestiones
628 2584 826 2628 Statianae3
850 2585 974 2627 partic.
997 2585 1022 2617 Ι.
1046 2585 1140 2628 Lips.
1166 2584 1258 2628 1878,
1280 2595 1315 2628 p.
1338 2585 1368 2616 4.

1383 2646 1403 2680 2
