1744 2973
858 184 908 223 32

185 311 346 361 quidem
379 311 646 352 Baehrensius
682 315 721 351 et
756 312 960 352 Polsterus
1001 325 1089 353 esse
1130 313 1301 366 fingunt,
1344 320 1565 367 opportune

185 374 446 427 respondeat,
489 374 703 415 admodum
740 374 889 415 dubito.
945 375 1049 416 Nam
1084 375 1135 416 de
1172 377 1353 418 omnibus
1388 378 1469 419 illis
1497 379 1565 420 ad-

185 437 357 478 iectivis:
400 442 551 489 totus,
595 442 820 490 cunctus,
865 439 1074 490 solidus,
1116 440 1207 481 aliis
1251 442 1466 494 praecipue
1507 456 1566 484 re-

185 501 433 553 spiciendum
469 514 557 543 esse
591 506 767 554 constat,
804 515 826 542 e
860 515 939 553 qua
979 503 1171 555 primaria
1205 503 1244 543 vi
1277 504 1455 545 secunda
1493 505 1566 546 illa

185 564 423 615 significatio
460 566 621 616 ,totus'‚
664 566 850 616 ,integer'
889 566 939 606 iis
972 565 1149 617 fluxerit,
1191 566 1364 618 quidque
1398 580 1420 608 e
1454 580 1498 608 re
1526 573 1566 609 et

186 628 383 668 sententia
418 628 467 668 iis
501 628 553 668 sit
587 629 829 669 contrarium
866 632 985 680 atque
1013 630 1249 682 oppositum.
1303 631 1445 682 Itaque
1473 629 1564 672 loco

185 695 340 743 nostro,
377 704 454 742 quo
484 691 535 732 de
563 692 795 733 mutilandis
821 693 1158 744 vulnerandisque
1186 694 1319 746 pueris
1347 706 1475 735 sermo
1505 699 1565 736 est

185 759 305 805 atque
333 768 410 795 vox
438 756 597 796 notione
633 756 841 797 adiectivis
876 758 1091 808 ,saucius’,
1126 758 1344 808 ,truncus',
1380 758 1562 810 ,laesus',

184 819 276 859 aliis
304 819 505 859 contraria
533 823 573 859 et
600 819 772 860 adversa
799 820 984 872 praedita
1013 824 1287 873 exspectatur,
1318 821 1563 874 ‚solidus',

185 881 291 932 quod
324 881 552 922 firmitatem
588 882 753 922 densam
791 883 1164 934 cohaerentiamque
1193 887 1417 924 concretam
1445 885 1563 936 signi-

184 944 297 996 ficat,
333 958 495 996 prorsus
531 949 590 986 est
624 946 810 986 alienum.
865 946 1003 997 Neque
1031 947 1191 998 mirum,
1227 947 1333 998 quod
1365 948 1563 989 Polsterus

188 1009 399 1060 exemplis,
436 1021 539 1059 quae
576 1021 625 1048 ex
660 1010 754 1049 Hor.
792 1010 876 1050 Sat.
903 1011 923 1049 Ι
951 1011 988 1060 2,
1019 1010 1093 1049 113
1122 1014 1161 1049 et
1188 1011 1228 1050 II
1255 1010 1292 1062 5,
1321 1011 1372 1050 65
1408 1012 1562 1063 petivit,

184 1084 263 1111 non
291 1076 373 1111 tam
401 1071 624 1123 adiuvatur,
654 1085 773 1123 quam
801 1072 1065 1123 redarguitur.

291 1135 396 1182 Quid
430 1147 524 1175 vero
553 1148 653 1187 opus
681 1140 742 1176 est
769 1137 949 1188 pluribus
985 1136 1037 1176 ad
1065 1140 1273 1188 utrumque
1302 1141 1564 1177 commentum

183 1202 223 1238 et
252 1199 418 1249 ,totos'
448 1202 487 1238 et
515 1199 723 1250 ‚soldos'
752 1199 1017 1252 refutandum,
1047 1212 1135 1240 cum
1163 1213 1266 1251 quae
1293 1200 1345 1240 sit
1371 1212 1467 1241 vera
1485 1201 1564 1242 loci

183 1262 393 1313 sententia,
421 1262 550 1303 altera
577 1262 872 1303 Baehrensii
900 1263 1128 1304 coniectura
1156 1264 1362 1315 ,salvos’
1390 1264 1564 1305 luculen-

182 1325 335 1365 tissime
371 1325 538 1365 innuat‘?
593 1325 706 1372 Quae
741 1332 889 1375 quanto
924 1325 1006 1365 illis
1040 1326 1169 1377 magis
1203 1326 1281 1366 loci
1315 1327 1439 1366 nostri
1475 1340 1564 1367 con—

184 1388 331 1427 dicioni
360 1392 399 1427 et
432 1387 566 1427 sensui
602 1383 832 1438 conveniat,
874 1392 914 1427 et
947 1389 1231 1429 sententiarum
1267 1393 1381 1429 tenor
1420 1402 1562 1440 resque

181 1455 345 1490 narrata
373 1451 521 1501 optime
550 1450 694 1490 docent
722 1454 761 1490 et
778 1451 904 1502 ipsius
933 1451 1117 1490 carminis
1146 1452 1269 1491 verba
1297 1451 1403 1491 haud
1431 1464 1563 1504 pauca

182 1513 470 1564 demonstrant,
499 1513 607 1553 velut
626 1527 661 1553 v.
684 1514 751 1553 70:
783 1526 1037 1565 ,concussum
1064 1514 1226 1555 vulnere
1246 1515 1416 1567 corpus’,
1435 1528 1471 1555 v.
1493 1515 1558 1554 72:

182 1577 314 1628 ,pueri
342 1576 531 1627 dolores',
573 1590 610 1616 v.
642 1577 709 1615 74:
753 1578 944 1628 ,intactos
981 1590 1141 1618 servare
1169 1579 1327 1629 mares’,
1357 1578 1561 1629 ,frangere

181 1640 342 1681 sexum.⁷
388 1640 472 1682 Nec
492 1644 627 1681 tamen
656 1653 744 1682 eam
772 1645 917 1694 poetae
945 1641 1077 1682 verbis
1105 1642 1232 1682 ausim
1252 1642 1438 1693 inserere,
1467 1641 1561 1693 quia

181 1705 284 1744 iusto
326 1705 483 1755 longius
524 1717 549 1744 a
591 1705 806 1745 memoriae
846 1706 1026 1756 vestigiis
1075 1706 1237 1746 recedit.
1306 1705 1561 1758 Quapropter

180 1780 428 1819 synonymon
466 1767 668 1818 quoddam
700 1770 880 1820 ‚sanos'
917 1769 1174 1821 praetulerim
1203 1768 1410 1820 Statioque
1436 1768 1560 1809 vindi-

183 1831 376 1882 caverim,
412 1834 550 1882 utpote
585 1832 690 1882 quod
725 1833 929 1872 minimam
958 1845 1124 1883 eamque
1152 1833 1384 1873 facillimam
1412 1833 1560 1873 littera-

185 1906 272 1933 rum
300 1893 539 1934 traditarum
567 1894 755 1934 ductuum
782 1896 1041 1945 mutationem
1069 1895 1282 1935 desideret.
1336 1896 1440 1937 Nam
1468 1908 1557 1936 cum

181 1958 282 1998 haec
317 1971 395 1998 vox
429 1958 470 1997 in
504 1958 616 1998 MSS.
646 1959 702 1998 sic
738 1963 905 1999 exarata
939 1959 1057 1999 fuerit
1084 1958 1220 2010 ,3ᾶοε’,
1256 1959 1412 2010 virgula
1439 1972 1561 2011 supra

180 2021 361 2060 vocalem
387 2033 413 2060 a
431 2021 580 2072 scripta
608 2021 755 2061 omissa
783 2022 867 2061 sive
894 2022 1026 2073 potius
1055 2035 1142 2061 cum
1170 2023 1296 2061 altero
1326 2024 1410 2061 eius
1438 2022 1560 2062 ductu

180 2084 221 2124 in
256 2097 377 2124 unum
414 2084 578 2125 confusa
613 2090 685 2125 est.
741 2084 827 2132 Quo
863 2085 970 2125 facto
1008 2084 1103 2136 quid
1135 2085 1176 2125 in
1210 2084 1329 2138 spatii
1365 2085 1558 2137 angustiis

181 2148 346 2188 librario
375 2148 534 2188 cuidam
572 2161 659 2188 esse
696 2148 825 2200 potuit
860 2149 1138 2201 opportunius,
1178 2162 1297 2199 quam
1334 2149 1508 2189 litteram
1535 2161 1560 2188 a

180 2212 221 2251 in
255 2215 391 2264 partes
427 2212 605 2264 singulas
642 2212 869 2264 discerpere
906 2216 946 2251 et
973 2224 1110 2252 vocem
1138 2213 1312 2264 ,solos'
1341 2211 1559 2263 effingere?

182 2276 341 2315 Sanus
377 2288 470 2316 vero
506 2289 585 2316 non
626 2277 754 2316 solum
795 2276 830 2315 is
872 2276 1035 2327 dicitur,
1076 2276 1143 2327 qui
1184 2277 1289 2316 bona
1328 2275 1558 2315 valetudine

178 2339 322 2390 utitur,
356 2340 421 2379 vel
457 2340 523 2390 qui
559 2341 712 2390 integer
741 2344 780 2379 et
807 2340 909 2380 liber
936 2353 961 2379 a
989 2341 1124 2380 morbo
1151 2340 1459 2390 vulneribusque
1486 2344 1558 2392 est,

182 2415 285 2453 quae
320 2403 429 2443 notio
467 2405 529 2443 vel
562 2416 634 2455 per
668 2415 712 2443 se
746 2404 836 2456 ipsa
870 2404 958 2444 loco
992 2409 1126 2444 nostro
1162 2403 1321 2454 egregie
1362 2403 1557 2455 convenit,

177 2466 249 2506 sed
287 2466 407 2506 etiam
441 2466 495 2518 is,
536 2467 603 2518 qui
636 2467 801 2518 integris
837 2471 897 2507 est
931 2468 1117 2507 membris
1153 2472 1192 2507 et
1234 2466 1339 2506 omni
1380 2467 1556 2519 corporis

175 2530 272 2569 vitio
303 2534 430 2569 vacat.
488 2531 546 2571 Cf.
569 2530 670 2571 Gell.
694 2531 749 2569 IV
765 2532 806 2570 2:
837 2532 1113 2582 ,Quaerebant,
1142 2544 1234 2570 num
1262 2543 1411 2570 sanus
1439 2536 1557 2581 esset,

178 2592 240 2633 cui
270 2591 368 2632 dens
398 2592 574 2645 deesset,
612 2593 678 2645 qui
715 2607 792 2634 non
821 2595 938 2646 longe
966 2594 1119 2635 videret
1148 2598 1186 2634 et
1213 2594 1354 2635 mulier
1382 2593 1551 2634 sterilis!
