1744 2973
842 235 893 273 36

176 361 354 413 gravius)
382 361 502 401 fidem
531 373 632 411 eam,
660 372 781 410 quam
808 361 985 412 iunxisti,
1014 362 1167 401 maritis
1193 361 1416 413 reddere,¹)
1444 362 1488 401 id
1515 375 1549 402 e.

176 424 366 475 invicem,
407 428 451 464 ut
486 423 620 474 decet,
661 428 880 475 praestare.
942 424 1113 465 Dativus
1146 428 1280 465 autem
1322 425 1549 476 ,maritis’

177 500 255 527 non
283 487 412 527 minus
439 487 651 539 participio
680 487 950 538 ,iunctam',
984 500 1103 539 quam
1137 489 1257 528 verbo
1287 488 1549 540 ,Reddere'

177 550 476 602 subiungendus
503 554 574 590 est.
630 550 688 590 Of.
718 550 843 591 Theb.
872 551 951 591 XII
977 550 1072 591 378:

238 615 418 665 ,Iungc,
447 627 530 664 age,
559 616 698 664 iunge
725 615 888 663 fidem,
916 616 1044 665 proles
1072 627 1143 664 ego
1172 617 1272 665 regis
1300 615 1480 654 Adrasti?

178 677 317 717 Senec.
345 677 509 729 Thyest.
536 677 633 717 480:

470 771 478 778 .
509 746 615 792 ‚ante
644 754 728 779 eum
755 742 916 779 flammis
944 755 1066 803 aquae
1350 781 1362 792 ,

392 793 486 831 Cum
514 798 638 831 morte
664 796 756 844 vita,
786 807 870 831 cum
898 797 993 831 mari
1021 798 1154 832 ventus
1182 795 1325 832 fidem

395 847 621 896 Foedusque
648 847 888 897 iungent·'

178 909 275 949 ibid.
304 909 391 949 Oet.
420 910 518 948 694:

507 1001 673 1013 .....
701 973 876 1022 ,Caesari
904 975 1067 1011 iuncta
1094 986 1134 1011 es
1162 978 1227 1012 tuo

506 1027 636 1063 Taeda
663 1027 804 1075 iugali.'

178 1088 274 1128 Silv.
302 1088 321 1127 I
355 1088 400 1140 2,
436 1088 511 1128 189
548 1092 587 1129 et
621 1088 655 1128 V
694 1089 736 1140 1,
768 1087 832 1128 44.
887 1088 1005 1140 Verg.
1040 1089 1139 1129 Aen.
1173 1089 1252 1129 XII
1287 1087 1376 1129 822.
1431 1087 1547 1129 Ovid.

177 1151 340 1191 Heroid.
368 1152 446 1191 XX
473 1152 551 1191 212
582 1155 622 1191 et
648 1151 738 1191 215.

739 1408 799 1452 III
832 1407 875 1462 5,
912 1409 987 1453 64.

179 1493 226 1532 V.
243 1494 311 1529 63:
339 1492 424 1541 ,Sic
451 1496 556 1529 certe
584 1492 804 1541 formaeque
831 1492 942 1529 bonis
970 1492 1161 1541 animique
1189 1495 1373 1539 meretur3

335 1545 425 1582 Sive
453 1545 590 1594 chelyn
618 1546 821 1594 complexa
847 1546 994 1594 petit,
1024 1556 1090 1582 seu
1117 1556 1214 1582 voce
1240 1549 1399 1594 paterna

334 1597 563 1634 Discendum
592 1598 710 1634 Musis
739 1601 849 1634 sonat
876 1601 915 1634 et
943 1609 1028 1634 mea
1054 1598 1222 1634 carmina
1248 1597 1381 1634 flectit.

283 1681 373 1719 Iure
419 1679 682 1720 Marklandus
733 1679 841 1719 istud
886 1680 1058 1732 ,petit'
1103 1680 1164 1720 his
1204 1680 1440 1720 labefactat:
1487 1680 1549 1731 ,Si

177 1743 435 1795 complexa
475 1746 536 1783 est
576 1743 738 1794 chelyn,
783 1743 864 1782 iam
908 1743 956 1781 in
1001 1744 1224 1783 manibus
1268 1742 1409 1794 habet3
1455 1755 1548 1793 ergo

178 1806 378 1856 quodnam
406 1818 505 1858 opus
534 1810 605 1857 est,
634 1810 677 1846 ut
703 1806 869 1858 petat?
896 1806 973 1846 nisi
1000 1805 1178 1858 dicatur,
1205 1806 1414 1858 ,petere'
1442 1805 1547 1846 idem

176 1881 277 1920 esse,
305 1869 411 1919 quod
438 1869 664 1921 pulsare,
692 1868 810 1919 quod,
837 1868 989 1920 opinor,
1016 1869 1083 1908 vix
1102 1868 1364 1909 concedetur!
1409 1869 1549 1918 Itaque

283 1996 309 2037 ¹)
343 1996 513 2039 Equidem
542 1996 636 2038 vulg.
666 1996 850 2029 lectionem
879 1995 1108 2038 ,Reddere'
1138 2006 1173 2029 v.
1195 1997 1233 2029 51
1259 1996 1411 2039 retine03
1446 1995 1547 2030 codd.

175 2059 263 2083 vero
287 2050 430 2084 Vratisl.
453 2053 489 2084 et
510 2049 622 2083 Paris.
646 2050 705 2091 (ad
727 2051 850 2092 marg.)
879 2052 915 2082 et
938 2049 991 2083 ed.
1014 2050 1127 2082 Parm.
1152 2049 1315 2083 exhibent
1337 2050 1547 2100 ,Dedere’‚

177 2104 273 2148 quod
300 2103 447 2138 verbum
474 2104 709 2138 Baehrensius
737 2106 903 2147 tanquam
932 2103 1140 2146 optimorum
1168 2103 1326 2137 codicum
1348 2104 1547 2138 memoriam

174 2159 210 2191 in
233 2160 367 2190 textum
389 2158 523 2200 recepit
551 2168 665 2200 neque
694 2161 811 2191 tamen
838 2158 873 2190 in
902 2160 1076 2200 apparatu
1105 2157 1244 2199 critico,
1276 2157 1421 2199 perinde
1448 2168 1490 2191 ac
1519 2159 1549 2191 si

175 2211 270 2245 nulla
291 2211 383 2244 inter
412 2210 568 2252 singulos
596 2211 705 2245 libros
734 2211 971 2244 intercederet
998 2211 1187 2252 dissensio,
1221 2210 1265 2244 de
1292 2210 1357 2244 hac
1383 2220 1422 2244 re
1450 2212 1547 2254 quid-

176 2275 279 2308 quam
295 2264 491 2298 adnotavit.
524 2265 677 2306 Vulgata
699 2267 815 2298 autem
836 2264 941 2298 lectio
957 2264 1187 2307 ,Reddere⁷
1203 2264 1249 2298 ad
1263 2264 1377 2298 locum
1391 2268 1548 2298 nostrum

175 2318 316 2361 egregie
340 2318 501 2361 quadrat.
545 2318 632 2352 Nam
660 2318 829 2351 reddendi
857 2318 1003 2351 verbum
1030 2327 1100 2351 non
1123 2318 1235 2351 solum
1255 2318 1390 2359 pariter
1411 2328 1454 2352 ac
1477 2328 1547 2361 ,re-

176 2371 339 2406 stituere’
363 2372 407 2404 de
431 2380 473 2405 eo
497 2371 640 2414 dicitur,
671 2372 765 2414 quod
789 2372 866 2415 quis
890 2375 970 2406 ante
999 2372 1068 2406 iam
1095 2372 1322 2415 possederat,
1354 2372 1417 2405 sed
1445 2372 1548 2406 etiam

173 2426 267 2460 haud
288 2435 371 2459 raro
395 2425 439 2458 de
463 2434 516 2469 eo,
540 2425 635 2468 quod
657 2425 760 2458 alicui
783 2425 937 2460 debitum
959 2426 1187 2470 meritumque
1209 2429 1420 2469 praestatur.

280 2478 334 2513 Cf.
362 2479 484 2513 Horat.
513 2478 591 2513 Art.
617 2481 711 2522 poet.
734 2478 815 2512 315:
850 2479 922 2522 ,ille
949 2479 1110 2522 profecto
1143 2479 1342 2514 Reddere
1370 2490 1544 2523 personae

168 2532 236 2568 scit
263 2535 573 2568 convenientia
601 2535 744 2578 cuique3
779 2533 862 2568 ibid.
891 2542 925 2568 v.
958 2535 988 2568 9.
1032 2535 1144 2578 Epist.
1166 2536 1200 2569 H
1231 2537 1264 2578 1,
1293 2535 1372 2569 216:
1406 2536 1547 2579 ,Verum

172 2598 239 2631 age
263 2591 299 2621 et
320 2589 374 2622 his
397 2611 532 2622 .....
556 2598 700 2622 curam
726 2589 859 2622 redde
888 2588 1052 2623 brevem.'
1096 2589 1234 2629 Quintil.
1256 2590 1288 2621 X
1312 2592 1340 2632 1,
1363 2591 1413 2624 62.
1460 2590 1544 2624 Silv.

171 2643 203 2679 V
225 2643 256 2686 5,
279 2643 338 2686 453
363 2643 462 2677 Ovid.
485 2644 565 2677 Met.
590 2643 639 2678 VI
661 2641 725 2676 308
748 2646 783 2676 et
808 2643 889 2676 XIII
911 2643 992 2687 3723
1016 2643 1095 2677 alia.
