1744 2973
884 180 936 220 58

221 308 383 348 solitam
415 306 577 347 dicendi
610 307 806 347 rationem
841 305 961 346 infert
995 306 1253 358 pluribusque
1294 306 1593 349 difficultatibus

218 371 390 412 laborat.

325 443 521 495 Equidem
548 456 585 483 v.
614 443 665 483 68
693 442 751 484 sic
778 446 875 496 puto
903 456 929 484 a
956 443 1084 485 Statio
1111 443 1235 484 fuisse
1262 445 1539 497 compositum:

354 519 572 569 ‚Infantem‚
601 519 730 569 lingua
758 517 973 559 eximium
1000 518 1226 568 salibusque
1253 522 1471 569 protervum

351 572 505 612 Dilexi.'

220 636 309 684 Qua
344 633 584 675 emendandi
620 634 774 674 ratione
809 646 947 675 vocem
984 635 1250 685 ‚loquaces'
1287 634 1471 676 iteratam
1506 647 1594 676 csse

222 711 274 739 ne
307 698 526 738 arbitreris.
580 698 707 737 Poeta
741 697 846 737 enim
881 696 1044 738 delicati
1078 697 1193 738 istius
1226 698 1437 751 Aegyptii,
1477 711 1594 750 quem

222 775 293 803 suo
321 761 448 814 ipsius
473 773 598 814 puero
625 760 667 800 in
693 759 825 801 animo
845 760 1022 813 opponit,
1051 774 1130 801 non
1157 761 1286 802 solum
1312 762 1594 813 loquacitatem

223 825 570 875 conviciorumque
590 823 763 864 studium
782 824 925 875 arguit,
953 823 1025 863 sed
1044 824 1164 864 etiam
1183 824 1345 875 linguae
1362 824 1594 865 facultatem

226 892 266 928 et
293 887 437 928 salium
465 898 632 927 acumen
660 886 793 938 effert,
829 886 978 939 quippe
1005 887 1147 937 quibus
1174 887 1314 928 famuli
1339 887 1527 940 Aegyptii
1552 888 1593 927 in

223 952 333 992 fama
361 954 401 990 et
427 950 556 1002 pretio
584 948 692 1002 apud
718 952 873 990 veteres
900 949 1099 990 Romanos
1126 950 1267 991 merito
1294 950 1452 990 fuerint.

327 1023 657 1065 Emendationem
703 1023 1019 1075 sententiamque
1063 1037 1194 1065 meam
1241 1024 1447 1066 confirmat
1491 1024 1592 1066 alter

223 1089 422 1130 Silvarum
448 1088 561 1127 locus
589 1086 812 1127 simillimus
839 1087 879 1126 Π
909 1087 942 1138 1,
973 1087 1023 1126 72
1050 1100 1164 1138 seqq:

276 1192 286 1212 ,
296 1162 381 1200 Non
408 1165 447 1199 te
474 1161 701 1200 barbaricae
729 1161 908 1200 versabat
934 1161 1046 1200 turbo
1074 1165 1256 1212 catastae,

275 1216 357 1253 Nec
385 1216 527 1252 mixtus
555 1216 585 1251 P
593 1215 619 1251 h
627 1227 650 1252 a
658 1216 745 1251 riis
773 1215 918 1252 venalis
947 1216 1135 1252 mercibus
1163 1216 1287 1252 infans

276 1268 665 1318 Compositosque
700 1267 826 1305 sales
855 1267 1178 1317 meditataque
1206 1268 1351 1306 verba
1378 1268 1593 1307 Iocutus?

224 1342 343 1393 Verg.
371 1342 469 1381 Aen.
497 1340 557 1379 XI
585 1340 680 1380 338:

328 1415 497 1505 i)Lar;;gus
514 1426 639 1480 'opum
668 1417 706 1451 et
733 1414 896 1464 lingua
923 1413 1111 1461 melior,
1141 1414 1207 1451 sed
1236 1413 1375 1463 frigida
1402 1413 1506 1452 bello

366 1480 415 1505 ex
434 1480 511 1505 era.

328 1543 453 1583 Usum.
480 1544 612 1581 autem
640 1540 749 1580 vocis
780 1540 1022 1592 ,eximius’
1050 1539 1194 1580 docent
1221 1543 1260 1580 et
1287 1540 1382 1580 Silv.
1401 1541 1442 1581 II
1459 1541 1496 1592 6,
1525 1540 1591 1582 97:

383 1617 620 1666 ‚Eximius
647 1616 739 1653 licet
765 1616 832 1653 ille
860 1616 1002 1653 animi
1031 1616 1262 1665 meritusque
1290 1615 1449 1663 doleri3'

226 1694 265 1729 et
292 1690 410 1740 Verg.
438 1689 583 1740 Georg.
611 1688 667 1728 IV
693 1688 789 1728 538:

412 1793 423 1812 ‚
431 1762 619 1809 Quattuor
646 1776 667 1801 e
675 1765 723 1801 xi
732 1777 768 1801 m
777 1765 821 1801 io
832 1776 849 1801 s
876 1763 1086 1813 praestanti
1114 1773 1275 1812 corpore
1302 1765 1430 1800 tauros

411 1816 548 1865 Delige
557 1830 568 1863 z,
578 1816 587 1829 '

224 1888 374 1928 Lucan.
403 1888 462 1928 111
490 1888 565 1928 697
596 1891 635 1927 ct
661 1887 762 1928 Plin.
790 1887 892 1928 Hist.
921 1891 1002 1928 nat.
1030 1887 1106 1927 VH
1136 1886 1183 1925 12
1212 1885 1313 1938 (10):

551 1951 741 2000 ,Eximios
771 1952 894 1989 forma
919 1962 1057 2001 pueros
1084 1949 1277 1988 vendidit:
