1744 2973
884 218 934 257 46

351 335 356 339 ’
379 345 452 382 Hic
479 345 550 383 tibi
578 346 753 383 sollemni
781 345 1008 383 memorabit
1035 346 1263 394 carmine,
1292 349 1452 395 quantus

379 397 517 435 Iliacas
547 398 777 448 Geticasque
805 399 938 436 domos
967 402 1205 448 quantusque
1231 399 1397 436 nivalem

378 451 631 540 {grugii-agon
659 456 895 500 quantusque
920 452 1018 500 iugis
1046 451 1305 501 Erymanthon
1333 453 1486 501 aquosis

329 608 517 648 Inscitam
546 608 649 649 hanc
676 622 816 649 vocum
845 609 1100 660 ,carmina'
1136 613 1175 648 et
1202 608 1454 660 ‚carmine'
1482 621 1590 660 repe—

222 671 402 710 titionem
435 675 518 710 tam
551 671 662 711 nullo
696 672 906 712 intervallo
941 671 1146 711 interiecto
1181 671 1266 710 iure
1301 670 1398 711 dicit
1431 671 1589 711 Mark-

218 734 399 774 landus
426 734 571 784 vixque
598 747 624 774 a
651 734 779 774 Statio
807 734 1038 790 profectam.
1088 734 1227 773 Altera
1254 733 1437 773 nimirum
1464 734 1591 775 forma

219 801 281 836 est
309 796 521 846 mendosa,
548 800 724 836 attamen
751 796 900 846 ambigi
918 799 1062 848 potest,
1089 800 1180 835 utra
1207 796 1258 836 sit
1277 796 1589 836 exterminanda.

222 860 488 912 ,Carmine'
517 873 553 900 v.
584 859 634 899 99
668 863 775 899 recte
809 859 957 899 habere
984 858 1109 899 Theb.
1137 859 1213 898 VII
1240 859 1336 899 289:
1379 859 1591 911 ,Bellaque

221 927 414 976 perpetuo
460 923 795 963 memorabunt
837 922 1052 962 carmine
1091 922 1244 962 Musae'
1289 922 1417 962 evinci
1460 922 1593 963 Mark-

220 986 366 1027 landus
401 987 525 1038 probe
560 986 859 1036 animadvertit,
900 985 1084 1035 idemque
1119 985 1214 1024 mihi
1247 985 1325 1037 ipsi
1359 998 1406 1025 eo
1434 985 1591 1026 facilius

222 1049 498 1102 persuadetur,
526 1049 630 1100 quod
650 1063 686 1089 v.
706 1050 757 1089 99
777 1049 1012 1089 carminis
1031 1048 1279 1100 significatio,
1307 1049 1593 1100 qualiscunque

221 1114 441 1164 excogitari
459 1117 602 1165 potest,
621 1113 847 1153 necessario
867 1111 1127 1163 desideratur,
1147 1124 1234 1151 cum
1253 1124 1369 1152 versu
1388 1112 1591 1164 superiore

220 1189 349 1227 neque
377 1189 516 1217 sensus
544 1189 633 1216 eam
661 1177 819 1217 omnino
846 1175 1022 1226 requirat
1050 1178 1089 1215 et
1106 1174 1336 1215 Marklandi
1364 1176 1592 1216 coniectura

221 1241 492 1292 ,tempora⁷,
527 1241 749 1280 sententiae
777 1240 924 1291 optime
959 1238 1279 1290 accommodata,
1319 1240 1455 1279 laurus
1489 1239 1591 1279 alias

223 1316 379 1354 quoque
406 1316 470 1343 res
489 1307 647 1355 praeter
674 1303 851 1343 earmina
878 1305 1058 1342 amantes
1085 1301 1181 1353 fingi
1209 1314 1339 1355 posse,
1366 1302 1591 1343 luculentis-

220 1368 319 1407 sime
347 1367 573 1407 doceamur.

327 1451 438 1491 Haec
472 1450 702 1491 Marklandi
742 1450 987 1501 coniectura,
1029 1461 1151 1501 quae,
1191 1461 1270 1489 non
1305 1450 1390 1490 sine
1425 1450 1589 1490 consilio

222 1515 349 1566 facta,
391 1514 587 1555 audaciae
627 1513 931 1566 reprehensione
972 1512 1145 1563 quadam
1185 1513 1392 1565 premitur,
1436 1513 1590 1554 Baeh-

220 1578 387 1618 rensio
423 1590 473 1617 ne
507 1581 727 1617 memoratu
760 1576 919 1628 quidem
954 1575 1078 1627 digna
1111 1575 1333 1617 videbatur.
1387 1576 1500 1624 Quae
1527 1588 1591 1616 res

219 1654 299 1681 non
326 1641 539 1693 prohibuit,
568 1642 776 1691 quominus
801 1641 969 1680 alterum
986 1639 1215 1679 Marklandi
1233 1640 1433 1680 inventum
1462 1652 1591 1692 ,pec-

220 1704 353 1755 tine',
382 1703 488 1755 quod
507 1716 557 1743 ne
576 1704 729 1743 auctori
757 1703 916 1753 quidem
944 1702 1021 1754 ipsi
1049 1702 1247 1754 placebat,
1275 1703 1352 1743 sibi
1371 1706 1590 1743 assumeret

219 1768 430 1818 versuique
457 1768 508 1806 99
537 1767 738 1807 insereret.

326 1863 387 1901 Ex
421 1862 471 1902 iis
506 1862 643 1914 igitur,
685 1874 789 1913 quae
824 1862 958 1912 attuli,
1000 1860 1132 1900 lucide
1167 1865 1336 1912 apparet
1371 1861 1589 1913 periculum

221 1938 322 1977 esse,
351 1938 400 1965 ne
428 1937 591 1977 operam
620 1929 659 1965 et
683 1926 813 1965 oleum
840 1924 1067 1976 perdamus,
1095 1923 1171 1963 nisi
1199 1924 1454 1975 ,carmina'
1482 1937 1517 1964 v.
1537 1925 1588 1964 98

222 1989 427 2030 deleamus
445 2001 662 2039 vocemque
681 2001 769 2028 cum
788 1987 1058 2040 superioribus
1086 1986 1302 2039 ,chelyn'
1326 1991 1366 2027 et
1385 1988 1589 2039 ,vittas',

221 2053 354 2104 quoad
374 2054 459 2094 eius
476 2052 562 2093 fieri
579 2052 719 2105 possit,
738 2052 933 2093 artissime
952 2051 990 2091 vi
1010 2053 1231 2102 naturaque
1249 2064 1322 2092 sua
1340 2051 1591 2092 coniunctam

220 2119 517 2158 substituamus.
581 2117 696 2163 Quod
731 2117 974 2168 postulatum
1013 2116 1219 2166 praeclare
1260 2115 1490 2165 ,stamina'
1526 2127 1591 2154 ex-

219 2182 350 2234 plent,
388 2180 493 2231 quod
528 2180 785 2231 vocabulum,
821 2192 908 2220 cum
944 2178 994 2217 de
1029 2178 1205 2230 quolibet
1237 2177 1304 2218 filo
1340 2176 1589 2225 adhibeatur,

220 2258 300 2285 non
328 2246 453 2284 solum
490 2245 603 2295 lyrae
639 2243 829 2294 chordas,
871 2242 942 2281 sed
978 2241 1097 2281 etiam
1133 2245 1265 2281 vatum
1301 2241 1421 2281 vittas
1454 2245 1589 2280 nostro

219 2308 308 2349 loco
329 2306 554 2359 significare
572 2310 704 2359 potest
732 2310 851 2356 atque
879 2305 956 2345 hac
983 2316 1056 2344 sua
1084 2304 1220 2356 ampla
1238 2303 1399 2344 notione
1416 2303 1589 2343 maxime

220 2371 406 2411 idoneum
435 2383 479 2409 se
506 2371 692 2421 praebet,
727 2382 804 2419 quo
839 2368 1032 2419 ,chelys
1060 2372 1099 2407 et
1126 2368 1300 2406 vittae’
1328 2371 1421 2406 ante
1448 2379 1590 2406 memo-

220 2437 335 2474 ratae
370 2432 754 2485 comprehendantur
790 2435 829 2470 et
865 2434 1104 2483 repetantur.
1159 2430 1246 2470 Huc
1274 2429 1448 2481 accedit,
1484 2428 1590 2480 quod

220 2498 442 2550 ‚stamen'
470 2497 534 2536 vel
553 2499 715 2548 propter
742 2495 845 2535 hanc
872 2495 952 2534 vim
980 2494 1212 2535 carminis
1239 2493 1364 2545 ipsius
1390 2493 1590 2533 notionem

217 2561 327 2601 haud
354 2573 444 2601 raro
471 2559 612 2610 induit,
641 2559 691 2598 de
719 2572 798 2609 qua
826 2571 868 2598 re
897 2559 1037 2597 Petrus
1056 2558 1357 2597 Burmannus
1384 2555 1590 2597 Secundus

220 2624 270 2664 ad
300 2623 494 2675 Propertii
524 2623 564 2662 Π
594 2624 628 2673 1,
657 2623 700 2662 9:
