1744 2973
192 318 235 353 ut
275 314 363 354 loco
404 317 538 353 nostro
578 313 691 364 ,ter’
734 313 1013 365 restituamus,
1055 312 1108 353 ad
1149 312 1309 353 modum
1350 324 1566 354 commove-

189 389 288 417 mur.

297 439 361 480 Ad
389 452 450 492 ea,
478 452 582 490 quae
610 439 793 492 disserui,
822 440 950 480 altera
977 439 1134 480 accedit
1162 452 1285 480 eausa
1312 453 1335 480 e
1363 442 1568 481 eonsuetu-

193 504 286 543 dine
314 503 429 543 latini
458 503 650 544 sermonis
678 504 825 555 petita,
859 503 967 544 unde
996 504 1107 555 ‚bis‘
1135 504 1224 544 loco
1252 507 1386 544 nostro
1415 502 1568 543 abiudi-

192 567 364 608 eandum
410 578 498 607 esse
542 570 723 618 apparet.
791 567 878 607 Hoc
924 567 1027 606 enim
1072 567 1299 617 numerale,
1343 567 1569 616 ubieunque

192 631 383 681 occurrit,
422 629 462 668 vi
497 629 569 668 illa
605 633 725 679 atque
764 633 963 680 potestate
991 630 1049 668 rei
1076 642 1238 669 numero
1267 630 1401 680 aliquo
1430 627 1568 669 addito

191 692 402 743 augendae
430 696 469 731 et
497 692 818 743 exaggerandae,
847 705 949 743 quae
976 692 1135 743 quidem
1163 693 1239 732 loei
1258 693 1382 732 nostri
1400 696 1569 732 naturae

192 756 278 795 sine
306 755 427 795 dubio
456 756 695 794 conveniunt
729 768 909 805 quaeque
943 756 984 794 in
1013 756 1103 795 aliis
1132 755 1333 795 adverbiis
1360 754 1569 794 numerali-

193 820 287 869 bus,
337 819 446 857 velut
489 818 616 869 ,ter',
656 818 752 869 ,bis
793 819 1003 870 terque',
1046 823 1237 869 ,terque
1278 818 1568 869 quaterque'

191 882 337 932 insunt,
366 894 527 933 prorsus
547 885 677 929 caret3
705 881 824 921 immo
843 882 1092 921 iterationem
1120 894 1270 921 meram
1298 885 1338 921 et
1364 893 1568 921 numerum

192 957 235 984 re
262 957 356 984 vere
385 948 477 984 aeta
512 944 716 983 definitum
744 944 862 984 affert
889 945 974 984 sine
1001 945 1083 985 ullo
1113 945 1303 985 orationis
1331 949 1471 984 ornatu
1500 948 1570 984 aut

193 1008 280 1058 soni
308 1007 504 1059 pondere,
542 1007 644 1046 conf.
682 1019 715 1047 e.
744 1020 803 1058 gr.
832 1008 892 1047 III
919 1009 956 1059 3,
989 1008 1079 1058 1223
1114 1008 1251 1048 Horat.
1281 1008 1411 1048 Carm.
1437 1008 1477 1047 Π
1507 1008 1568 1059 16,

191 1071 351 1119 353111
379 1071 416 1120 6,
444 1071 469 1109 9
505 1074 544 1109 et
571 1071 608 1121 9,
641 1070 708 1121 153
750 1071 807 1109 IV
838 1073 871 1122 1,
900 1071 971 1122 253
1012 1072 1185 1111 Martial.
1212 1072 1232 1110 Ι
1259 1071 1330 1122 453
1370 1071 1431 1110 III
1458 1072 1495 1121 6,
1523 1070 1568 1121 23

192 1123 248 1173 IV
275 1134 313 1183 4,
342 1135 386 1182 63
414 1133 532 1184 Verg.
562 1133 706 1183 Georg.
735 1135 755 1172 Ι
781 1135 833 1173 48
863 1139 901 1173 et
927 1135 1017 1185 491,
1046 1135 1141 1175 alia.

298 1197 512 1238 Numerale
542 1198 648 1247 ,ter'
677 1201 815 1238 eontra
842 1202 924 1237 tam
953 1199 1143 1238 sollemne
1171 1198 1210 1237 in
1231 1198 1425 1238 eiusmodi
1451 1198 1570 1237 rebus

191 1266 265 1312 est,
304 1264 348 1300 ut
388 1260 598 1312 mysticam
639 1260 841 1310 quandam
881 1262 961 1300 vim
1002 1261 1185 1301 induerit.
1255 1261 1314 1301 Cf.
1350 1262 1385 1300 V
1420 1262 1457 1311 3,
1497 1261 1569 1311 293

191 1324 316 1364 Theb.
345 1324 406 1362 IX
433 1324 531 1373 6023
559 1323 702 1366 Achill.
732 1324 751 1362 I
779 1325 850 1375 993
878 1325 1017 1364 Horat.
1046 1325 1176 1366 Oarm.
1204 1325 1224 1363 I
1250 1325 1314 1375 28,
1343 1325 1416 1374 363
1446 1324 1486 1363 II
1508 1324 1568 1374 14,

193 1389 214 1427 7
245 1392 285 1427 et
315 1387 375 1438 17,
403 1388 472 1438 263
507 1387 627 1437 Verg.
654 1387 791 1439 Eclog.
820 1388 916 1428 VIII
945 1389 1015 1439 743
1051 1389 1195 1439 Georg.
1223 1389 1243 1427 I
1271 1388 1367 1439 3453
1404 1389 1502 1427 Aen.
1530 1387 1570 1426 Π

195 1451 290 1502 1743
320 1451 467 1491 Tibull.
495 1450 551 1490 IV
579 1451 616 1502 6,
648 1450 707 1490 14.
737 1451 852 1491 Mart.
879 1452 935 1491 IV
963 1452 1027 1499 40,
1056 1453 1100 1503 33
1127 1452 1299 1508 plurima
1327 1452 1421 1492 alia.

297 1514 454 1554 Erroris
497 1518 630 1554 autem
671 1515 782 1565 origo
828 1514 930 1555 haee
975 1515 1132 1555 videtur
1177 1514 1319 1555 fuisse:
1365 1515 1570 1555 Librarius

192 1578 355 1628 quidam
382 1578 523 1617 ultima
551 1578 661 1617 vocis
688 1578 966 1629 praecedentis
1005 1578 1172 1629 ,iugis⁷
1201 1579 1362 1630 syllaba
1388 1580 1571 1619 turbatus

193 1646 233 1681 et
266 1641 451 1681 inductus
486 1645 566 1692 est,
607 1645 650 1680 ut
685 1643 891 1682 numerale
925 1642 1157 1682 adverbium
1201 1642 1311 1693 ,bis’
1349 1642 1569 1681 litterarum

194 1705 379 1744 ductibus
413 1704 656 1744 simillimum
691 1705 731 1743 in
766 1705 928 1755 genuini
963 1705 1145 1744 adverbii
1181 1705 1288 1756 ,ter’
1324 1705 1454 1745 locum
1482 1705 1570 1743 sub-

193 1768 385 1808 stitueret.
428 1767 603 1807 Probata
623 1767 805 1818 denique,
833 1780 951 1818 quam
970 1768 1087 1807 modo
1107 1768 1265 1819 protuli,
1295 1767 1571 1807 emendatione

191 1830 383 1871 molestus
417 1830 487 1869 ille
523 1830 769 1882 syllabarum
806 1843 1023 1882 aequarum
1059 1844 1179 1871 sonus
1221 1843 1270 1870 ae
1312 1830 1452 1871 sibilus
1486 1843 1571 1871 ver-

191 1896 332 1936 borum
361 1893 515 1946 ,iugis
544 1894 620 1934 bis
647 1894 851 1946 pressit'
879 1895 984 1935 ultro
1012 1894 1129 1934 simul
1158 1899 1410 1935 evanescunt.

757 2132 797 2175 11
832 2133 874 2186 3,
915 2132 1018 2176 105.

298 2215 489 2258 Claudius
522 2215 733 2265 Etruscus,
774 2215 973 2254 rationum
1009 2214 1153 2253 aerarii
1188 2213 1292 2253 saeri
1326 2216 1570 2264 procurator,

194 2280 342 2322 evolvit
369 2292 457 2320 eum
486 2278 569 2319 alia
595 2281 678 2318 tum

302 2355 431 2404 ,Quod
461 2355 605 2392 domini
634 2354 748 2390 celsis
776 2355 897 2391 niteat
924 2354 1167 2402 laquearibus
1195 2366 1327 2390 aurum

300 2408 406 2454 Quae
435 2408 563 2444 divum
592 2408 630 2443 in
659 2407 784 2443 vultus
812 2407 913 2456 igni
941 2406 1138 2444 formanda
1165 2407 1352 2455 liquescat

301 2463 440 2510 Massa,
470 2460 561 2509 quid
588 2459 783 2497 Ausoniae
812 2461 994 2509 seriptum
1022 2463 1154 2509 erepet
1180 2461 1287 2509 igne
1316 2459 1516 2496 monetae.7

298 2534 468 2573 Molesta
496 2532 567 2571 illa
594 2544 813 2583 parumque
842 2532 1015 2582 eleganti
1042 2532 1253 2572 iteratione
1275 2530 1441 2571 ablativi
1459 2530 1569 2570 vocis

192 2598 371 2652 ,ignis’,
400 2595 634 2648 praesertim
656 2608 743 2635 eum
765 2596 894 2636 forma
922 2596 1006 2636 eius
1026 2595 1214 2646 varietur,
1243 2594 1376 2634 mendi
1396 2593 1570 2645 suspicio
