1744 2973
853 182 897 233 11

782 348 877 402 15,
913 349 957 392 4.

189 441 235 478 V.
268 443 306 478 1:
345 440 451 490 ,Non
477 442 663 479 Helicona
690 441 797 490 gravi
825 442 951 491 pulsat
977 442 1108 492 chelys
1137 442 1274 479 enthea
1299 442 1460 491 plectro,

345 494 427 531 Nec
453 495 596 532 lassata
623 505 719 531 voco
748 495 887 531 totiens
915 495 1007 532 mihi
1035 496 1197 544 numina,
1225 495 1374 541 Musas,

347 547 398 584 Et
426 551 475 595 te,
504 546 671 591 Phoebe,
701 546 826 584 choris
854 551 893 584 et
919 552 958 585 te
986 547 1221 597 dimittimus,
1247 547 1402 595 Euhan,

346 599 403 636 Tu
431 611 581 648 quoque
609 604 733 635 muta
759 599 875 648 ferae,
903 600 1059 636 volucer
1085 600 1273 649 Tegeaee,
1301 611 1462 637 sonorae

347 651 472 702 Terga
499 663 670 701 premas:
699 651 796 688 alios
823 656 984 701 poscunt
1011 664 1096 689 mea
1123 653 1290 689 carmina
1316 652 1471 691 coetus?

293 734 541 782 Queckius
576 738 616 774 et
642 734 981 774 Baehrensius
1016 735 1329 785 veteriorumque
1364 735 1557 775 editorum

193 801 232 838 et
265 798 522 851 interpretum
558 797 780 850 complures
814 797 853 837 in
889 797 1135 838 Politiani
1169 798 1444 839 emendatione
1471 798 1558 849 ,Tu

191 873 379 911 quoque
406 862 552 901 muta’
587 861 864 912 acquiescunt,
900 873 1019 911 quam
1054 873 1125 913 pro
1153 861 1325 911 genuina
1351 861 1559 912 archetypi

189 923 385 976 scriptura
412 925 594 977 accipere
611 923 814 975 videntur3
842 927 1032 974 attamen,
1059 924 1135 963 nisi
1164 924 1296 964 omnia
1323 936 1385 963 me
1403 924 1558 974 fallunt,

191 987 418 1038 corruptela
456 988 496 1026 in
524 987 585 1027 his
612 987 745 1027 verbis
781 986 912 1027 adhuc
947 987 1046 1026 latet
1079 987 1273 1038 pessima,
1314 1000 1433 1037 quam
1459 987 1560 1026 Poli-

189 1049 321 1089 tianus
361 1049 554 1089 antitheto
594 1050 671 1089 isto
713 1049 805 1089 ficto
847 1054 997 1100 ,muta
1031 1049 1141 1088 ferae
1181 1061 1392 1089 sonorae
1431 1050 1559 1100 terga'

189 1111 292 1152 adeo
319 1124 398 1152 non
426 1112 640 1164 expedivit,
668 1116 712 1152 ut
731 1112 851 1152 etiam
870 1112 1102 1152 obscuraret
1120 1112 1412 1163 obtegeretque.
1459 1112 1560 1152 Nam

192 1187 280 1215 cum
320 1176 558 1215 sententiam
601 1187 689 1215 eam
731 1186 819 1215 esse
858 1175 1032 1227 liqueat,
1075 1178 1119 1214 ut
1158 1175 1375 1215 Mercurius
1416 1174 1562 1228 chelyn

191 1238 457 1291 premendo
498 1238 676 1279 inhibeat
718 1242 757 1278 et
799 1238 1070 1279 obmutescere
1104 1238 1260 1290 iubeat,
1301 1238 1560 1279 elocutionem

192 1305 320 1352 ,muta
348 1302 459 1342 ferae
486 1315 655 1343 sonorae
688 1305 803 1352 terga
837 1303 1032 1353 premere'
1066 1302 1318 1342 durissimam
1351 1315 1400 1342 ac
1432 1315 1562 1354 paene

194 1366 403 1405 obscuram
432 1369 471 1404 et
498 1365 731 1418 perplexam
759 1364 922 1404 tolerari
949 1377 1028 1405 non
1055 1377 1192 1416 posse,
1220 1377 1335 1405 nemo
1363 1369 1439 1417 est,
1468 1366 1562 1416 quin

193 1428 358 1479 sentiat3
393 1428 538 1468 etenim
565 1441 644 1468 non
673 1428 819 1479 solum,
855 1428 949 1479 quia
983 1428 1095 1467 verbi
1128 1428 1379 1480 premendi
1405 1428 1484 1479 vis,
1519 1432 1562 1467 ut

190 1486 426 1531 Barthius
459 1494 567 1531 recte
602 1490 902 1542 animadvertit,
944 1491 1165 1531 sententiae
1200 1503 1271 1543 per
1305 1504 1348 1531 se
1375 1492 1561 1543 suppetit,

190 1566 288 1594 voce
322 1555 484 1605 ,muta'
512 1554 631 1595 facile
653 1565 860 1604 caremus,
896 1553 967 1593 sed
995 1554 1115 1594 etiam
1142 1554 1330 1594 testudini
1360 1555 1561 1606 epitheton

190 1616 349 1657 notione
377 1620 575 1657 contraria
594 1617 759 1667 vocique
779 1617 1019 1667 ,sonorus’
1039 1616 1158 1657 simili
1187 1616 1411 1667 praeditum
1429 1619 1560 1669 potius

192 1680 385 1720 convenit.

296 1753 466 1793 Proinde
512 1766 589 1793 non
634 1753 798 1804 mirum,
844 1753 950 1803 quod
994 1753 1317 1793 Marklandus
1333 1784 1343 1802 ,
1389 1754 1561 1794 Statiani

192 1816 340 1867 ingenii
380 1828 595 1868 versusque
637 1815 898 1869 componendi
943 1816 1109 1857 rationis
1149 1829 1250 1857 unus
1290 1816 1461 1857 omnium
1501 1818 1561 1857 vir

196 1880 469 1932 peritissimus,
489 1880 677 1921 Politiani
690 1880 850 1920 invento
866 1879 1076 1932 repudiato
1103 1880 1445 1920 Morellianam
1473 1893 1561 1920 con-

190 1943 381 1993 iecturam
418 1944 503 1995 ,Tu
540 1956 732 1995 quoque
766 1944 940 1985 amica’
976 1943 1084 1984 haud
1111 1956 1271 1997 prorsus
1299 1944 1560 1997 spernendam

192 2008 401 2059 censebat,
439 2020 487 2048 ea
522 2012 655 2048 tamen
683 2020 726 2047 re
754 2007 963 2059 deceptus,
999 2007 1106 2058 quod
1139 2007 1428 2059 oppositionem
1461 2008 1563 2047 inter

190 2072 315 2111 verba
356 2071 553 2122 ,amica'
589 2075 629 2110 et
664 2070 834 2121 ,ferae'
876 2070 1122 2111 intercedere
1161 2071 1341 2122 putabat.
1400 2072 1447 2110 In
1481 2083 1563 2111 ver-

190 2135 329 2175 borum
356 2146 450 2174 vero
468 2133 775 2187 perpetuitatem
794 2132 881 2174 cod.
901 2134 992 2173 Par.
1014 2137 1054 2174 et
1081 2133 1143 2173 ed.
1163 2133 1334 2174 Aldinae
1353 2134 1560 2174 lectionem

193 2198 377 2249 ‚Tuque
417 2197 650 2248 inimica',
696 2209 799 2247 quae
844 2196 1002 2249 quidem
1049 2196 1336 2237 emendationis
1376 2198 1562 2238 Politiani

193 2261 470 2302 auctoritatem
494 2260 672 2301 nonnihil
691 2260 895 2311 imminuit,
924 2272 1013 2300 cum
1041 2261 1325 2311 ,Tuquoque
1353 2261 1494 2300 muta’
1522 2262 1561 2300 in

193 2324 380 2376 ‚Tuque
408 2323 623 2364 inimica’
654 2323 801 2364 abiisse
828 2335 968 2376 parum
995 2323 1145 2363 habeat
1172 2323 1477 2376 probabilitatis,
1505 2324 1562 2364 ita

193 2386 367 2437 admisit,
394 2391 438 2426 ut
465 2387 633 2427 aliorum
661 2387 896 2427 coniecturis
923 2389 1080 2438 pateret
1106 2388 1229 2426 locus.

297 2459 409 2500 Talis
449 2471 542 2500 vero
592 2459 687 2500 mihi
721 2459 862 2511 obtigit
898 2459 1141 2511 emendatio,
1183 2472 1285 2510 quae
1324 2471 1401 2499 non
1437 2459 1563 2498 solum

192 2523 385 2564 facillima
420 2523 492 2575 sit,
527 2523 599 2564 sed
627 2523 766 2575 etiam,
799 2527 844 2563 ut
877 2536 1013 2575 spero,
1041 2523 1346 2564 verisimillima:
1384 2523 1436 2574 ,T
1449 2533 1563 2572 uque

192 2586 330 2628 invita
358 2585 517 2639 ferae,
544 2587 705 2628 volucer
730 2587 927 2639 Tegeaee,
955 2599 1124 2628 sonorae
1151 2587 1283 2638 Terga
1309 2588 1490 2639 premas.'
