<?xml version="1.0" encoding="UTF-8"?>
<!DOCTYPE html PUBLIC "-//W3C//DTD XHTML 1.0 Transitional//EN"
    "http://www.w3.org/TR/xhtml1/DTD/xhtml1-transitional.dtd">
<html xmlns="http://www.w3.org/1999/xhtml" xml:lang="en" lang="en">
 <head>
  <title>
</title>
<meta http-equiv="Content-Type" content="text/html;charset=utf-8" />
  <meta name='ocr-system' content='tesseract 3.04.00' />
  <meta name='ocr-capabilities' content='ocr_page ocr_carea ocr_par ocr_line ocrx_word'/>
</head>
<body>
  <div class='ocr_page' id='page_1' title='image "4737230_0017.png"; bbox 0 0 1744 2973; ppageno 0'>
   <div class='ocr_carea' id='block_1_1' title="bbox 879 151 901 189">
    <p class='ocr_par' dir='ltr' id='par_1_1' title="bbox 879 151 901 189">
     <span class='ocr_line' id='line_1_1' title="bbox 879 151 901 189; baseline 0 0"><span class='ocrx_word' id='word_1_1' title='bbox 879 151 901 189; x_wconf 81' lang='lat'><strong>7</strong></span> 
     </span>
    </p>
   </div>
   <div class='ocr_carea' id='block_1_2' title="bbox 766 206 1013 212">
    <p class='ocr_par' dir='ltr' id='par_1_2' title="bbox 766 206 1013 212">
     <span class='ocr_line' id='line_1_2' title="bbox 766 206 1013 212; baseline 0 0"><span class='ocrx_word' id='word_1_2' title='bbox 766 206 1013 212; x_wconf 95' lang='lat' dir='ltr'><strong> </strong></span> 
     </span>
    </p>
   </div>
   <div class='ocr_carea' id='block_1_3' title="bbox 211 278 1590 1223">
    <p class='ocr_par' dir='ltr' id='par_1_3' title="bbox 211 278 1590 520">
     <span class='ocr_line' id='line_1_3' title="bbox 211 278 1590 330; baseline -0.001 -12"><span class='ocrx_word' id='word_1_3' title='bbox 211 283 252 318; x_wconf 90' lang='lat' dir='ltr'><strong>et</strong></span> <span class='ocrx_word' id='word_1_4' title='bbox 292 278 571 329; x_wconf 82' lang='lat' dir='ltr'><strong>distingueret:</strong></span> <span class='ocrx_word' id='word_1_5' title='bbox 623 278 719 330; x_wconf 90' lang='lat' dir='ltr'><strong>,Hic</strong></span> <span class='ocrx_word' id='word_1_6' title='bbox 752 289 892 330; x_wconf 82' lang='lat' dir='ltr'>eques,</span> <span class='ocrx_word' id='word_1_7' title='bbox 933 278 998 319; x_wconf 95' lang='lat' dir='ltr'><strong>hic</strong></span> <span class='ocrx_word' id='word_1_8' title='bbox 1031 279 1218 320; x_wconf 90' lang='lat' dir='ltr'><strong>iuvenum</strong></span> <span class='ocrx_word' id='word_1_9' title='bbox 1257 282 1444 319; x_wconf 90' lang='lat' dir='ltr'><strong>coetus:</strong></span> <span class='ocrx_word' id='word_1_10' title='bbox 1486 278 1590 318; x_wconf 90' lang='lat' dir='ltr'><strong>stola</strong></span> 
     </span>
     <span class='ocr_line' id='line_1_4' title="bbox 212 340 1588 384; baseline -0.001 -2"><span class='ocrx_word' id='word_1_11' title='bbox 212 342 337 383; x_wconf 85' lang='lat' dir='ltr'><strong>mixta</strong></span> <span class='ocrx_word' id='word_1_12' title='bbox 362 342 542 383; x_wconf 64' lang='lat' dir='ltr'><strong>laborat?</strong></span> <span class='ocrx_word' id='word_1_13' title='bbox 600 341 932 382; x_wconf 87' lang='lat' dir='ltr'><strong>Baehrensius</strong></span> <span class='ocrx_word' id='word_1_14' title='bbox 963 354 1056 383; x_wconf 89' lang='lat' dir='ltr'><strong>vero</strong></span> <span class='ocrx_word' id='word_1_15' title='bbox 1084 340 1357 384; x_wconf 71' lang='lat' dir='ltr'><strong>infelicissime</strong></span> <span class='ocrx_word' id='word_1_16' title='bbox 1383 341 1478 382; x_wconf 89' lang='lat' dir='ltr'><strong>mihi</strong></span> <span class='ocrx_word' id='word_1_17' title='bbox 1505 354 1588 381; x_wconf 92' lang='lat' dir='ltr'><strong>rem</strong></span> 
     </span>
     <span class='ocr_line' id='line_1_5' title="bbox 216 405 1584 457; baseline -0.001 -12"><span class='ocrx_word' id='word_1_18' title='bbox 216 405 372 446; x_wconf 86' lang='lat' dir='ltr'><strong>videtur</strong></span> <span class='ocrx_word' id='word_1_19' title='bbox 411 406 602 457; x_wconf 79' lang='lat' dir='ltr'><strong>gessisse,</strong></span> <span class='ocrx_word' id='word_1_20' title='bbox 645 417 733 445; x_wconf 90' lang='lat' dir='ltr'><strong>cum</strong></span> <span class='ocrx_word' id='word_1_21' title='bbox 773 417 835 445; x_wconf 89' lang='lat' dir='ltr'><strong>vv.</strong></span> <span class='ocrx_word' id='word_1_22' title='bbox 876 406 955 445; x_wconf 84' lang='lat'><strong>234</strong></span> <span class='ocrx_word' id='word_1_23' title='bbox 995 410 1034 446; x_wconf 94' lang='lat' dir='ltr'><strong>et</strong></span> <span class='ocrx_word' id='word_1_24' title='bbox 1074 406 1152 446; x_wconf 84' lang='lat'><strong>235</strong></span> <span class='ocrx_word' id='word_1_25' title='bbox 1194 406 1296 447; x_wconf 91' lang='lat' dir='ltr'><strong>hanc</strong></span> <span class='ocrx_word' id='word_1_26' title='bbox 1337 405 1378 445; x_wconf 92' lang='lat' dir='ltr'><strong>in</strong></span> <span class='ocrx_word' id='word_1_27' title='bbox 1418 406 1584 446; x_wconf 89' lang='lat' dir='ltr'><strong>formam</strong></span> 
     </span>
     <span class='ocr_line' id='line_1_6' title="bbox 215 468 388 520; baseline 0 -12"><span class='ocrx_word' id='word_1_28' title='bbox 215 468 388 520; x_wconf 84' lang='lat' dir='ltr'><strong>redegit:</strong></span> 
     </span>
    </p>

    <p class='ocr_par' dir='ltr' id='par_1_4' title="bbox 214 542 1123 593">
     <span class='ocr_line' id='line_1_7' title="bbox 214 542 1123 593; baseline 0.001 -13"><span class='ocrx_word' id='word_1_29' title='bbox 214 542 365 593; x_wconf 82' lang='lat' dir='ltr'><strong>,Omnis</strong></span> <span class='ocrx_word' id='word_1_30' title='bbox 392 543 545 593; x_wconf 87' lang='lat' dir='ltr'><strong>plebeio</strong></span> <span class='ocrx_word' id='word_1_31' title='bbox 574 543 709 579; x_wconf 87' lang='lat' dir='ltr'><strong>teritur</strong></span> <span class='ocrx_word' id='word_1_32' title='bbox 734 547 936 592; x_wconf 83' lang='lat' dir='ltr'><strong>praetexta.</strong></span> <span class='ocrx_word' id='word_1_33' title='bbox 962 544 1123 581; x_wconf 82' lang='lat' dir='ltr'><strong>tumultu</strong></span> 
     </span>
    </p>

    <p class='ocr_par' dir='ltr' id='par_1_5' title="bbox 212 595 1585 783">
     <span class='ocr_line' id='line_1_8' title="bbox 213 595 1582 645; baseline 0.001 -13"><span class='ocrx_word' id='word_1_34' title='bbox 213 596 350 645; x_wconf 87' lang='lat' dir='ltr'><strong>Hinc,</strong></span> <span class='ocrx_word' id='word_1_35' title='bbox 379 607 522 644; x_wconf 81' lang='lat' dir='ltr'><strong>eques</strong></span> <span class='ocrx_word' id='word_1_36' title='bbox 550 595 682 642; x_wconf 66' lang='lat' dir='ltr'><strong>hineg</strong></span> <span class='ocrx_word' id='word_1_37' title='bbox 710 596 983 644; x_wconf 89' lang='lat' dir='ltr'><strong>iuvenumque</strong></span> <span class='ocrx_word' id='word_1_38' title='bbox 1010 601 1113 634; x_wconf 82' lang='lat' dir='ltr'><strong>arto</strong></span> <span class='ocrx_word' id='word_1_39' title='bbox 1142 597 1242 634; x_wconf 88' lang='lat' dir='ltr'><strong>stola</strong></span> <span class='ocrx_word' id='word_1_40' title='bbox 1269 597 1389 633; x_wconf 84' lang='lat' dir='ltr'><strong>mixta</strong></span> <span class='ocrx_word' id='word_1_41' title='bbox 1408 596 1582 635; x_wconf 61' lang='lat' dir='ltr'><strong>laborat?</strong></span> 
     </span>
     <span class='ocr_line' id='line_1_9' title="bbox 212 666 1585 721; baseline -0.001 -12"><span class='ocrx_word' id='word_1_42' title='bbox 212 668 583 719; x_wconf 82' lang='lat' dir='ltr'><strong>Grrasbergerus</strong></span> <span class='ocrx_word' id='word_1_43' title='bbox 627 666 797 718; x_wconf 85' lang='lat' dir='ltr'><strong>denique</strong></span> <span class='ocrx_word' id='word_1_44' title='bbox 842 667 1040 708; x_wconf 88' lang='lat' dir='ltr'><strong>Bernartii</strong></span> <span class='ocrx_word' id='word_1_45' title='bbox 1085 669 1333 721; x_wconf 83' lang='lat' dir='ltr'><strong>corruptelae</strong></span> <span class='ocrx_word' id='word_1_46' title='bbox 1378 668 1585 710; x_wconf 83' lang='lat' dir='ltr'><strong>sanandae</strong></span> 
     </span>
     <span class='ocr_line' id='line_1_10' title="bbox 213 730 1240 783; baseline 0.001 -13"><span class='ocrx_word' id='word_1_47' title='bbox 213 732 406 772; x_wconf 90' lang='lat' dir='ltr'><strong>rationem</strong></span> <span class='ocrx_word' id='word_1_48' title='bbox 433 743 530 771; x_wconf 86' lang='lat' dir='ltr'><strong>voce</strong></span> <span class='ocrx_word' id='word_1_49' title='bbox 559 730 761 782; x_wconf 91' lang='lat' dir='ltr'><strong>,cinctu’</strong></span> <span class='ocrx_word' id='word_1_50' title='bbox 789 731 995 783; x_wconf 87' lang='lat' dir='ltr'><strong>proposita</strong></span> <span class='ocrx_word' id='word_1_51' title='bbox 1021 731 1203 771; x_wconf 84' lang='lat' dir='ltr'><strong>variavit.</strong></span> <span class='ocrx_word' id='word_1_52' title='bbox 1214 732 1240 782; x_wconf 79' lang='grc'><strong>1)</strong></span> 
     </span>
    </p>

    <p class='ocr_par' dir='ltr' id='par_1_6' title="bbox 211 792 1584 1099">
     <span class='ocr_line' id='line_1_11' title="bbox 316 792 1583 847; baseline 0.002 -14"><span class='ocrx_word' id='word_1_53' title='bbox 316 792 493 840; x_wconf 81' lang='lat' dir='ltr'><strong>Quarum</strong></span> <span class='ocrx_word' id='word_1_54' title='bbox 512 794 823 834; x_wconf 89' lang='lat' dir='ltr'><strong>coniecturarum</strong></span> <span class='ocrx_word' id='word_1_55' title='bbox 844 805 932 833; x_wconf 91' lang='lat' dir='ltr'><strong>cum</strong></span> <span class='ocrx_word' id='word_1_56' title='bbox 961 793 1042 833; x_wconf 86' lang='lat' dir='ltr'><strong>alia</strong></span> <span class='ocrx_word' id='word_1_57' title='bbox 1069 794 1170 833; x_wconf 87' lang='lat' dir='ltr'><strong>alios</strong></span> <span class='ocrx_word' id='word_1_58' title='bbox 1188 799 1346 834; x_wconf 89' lang='lat' dir='ltr'><strong>moveat</strong></span> <span class='ocrx_word' id='word_1_59' title='bbox 1364 796 1583 847; x_wconf 87' lang='lat' dir='ltr'><strong>scrupulos,</strong></span> 
     </span>
     <span class='ocr_line' id='line_1_12' title="bbox 212 856 1584 910; baseline 0.001 -13"><span class='ocrx_word' id='word_1_60' title='bbox 212 856 409 897; x_wconf 89' lang='lat' dir='ltr'><strong>medelam</strong></span> <span class='ocrx_word' id='word_1_61' title='bbox 438 856 488 897; x_wconf 92' lang='lat' dir='ltr'><strong>de</strong></span> <span class='ocrx_word' id='word_1_62' title='bbox 515 869 603 897; x_wconf 89' lang='lat' dir='ltr'><strong>meo</strong></span> <span class='ocrx_word' id='word_1_63' title='bbox 631 856 808 909; x_wconf 82' lang='lat' dir='ltr'><strong>proferre</strong></span> <span class='ocrx_word' id='word_1_64' title='bbox 827 869 905 897; x_wconf 91' lang='lat' dir='ltr'><strong>non</strong></span> <span class='ocrx_word' id='word_1_65' title='bbox 925 856 1116 908; x_wconf 78' lang='lat' dir='ltr'><strong>dubitavi,</strong></span> <span class='ocrx_word' id='word_1_66' title='bbox 1145 869 1247 908; x_wconf 91' lang='lat' dir='ltr'><strong>quae</strong></span> <span class='ocrx_word' id='word_1_67' title='bbox 1269 858 1409 898; x_wconf 88' lang='lat' dir='ltr'><strong>turbae</strong></span> <span class='ocrx_word' id='word_1_68' title='bbox 1427 859 1584 910; x_wconf 87' lang='lat' dir='ltr'><strong>urgenti</strong></span> 
     </span>
     <span class='ocr_line' id='line_1_13' title="bbox 212 920 1584 972; baseline 0.001 -12"><span class='ocrx_word' id='word_1_69' title='bbox 212 921 383 961; x_wconf 85' lang='lat' dir='ltr'><strong>fortasse</strong></span> <span class='ocrx_word' id='word_1_70' title='bbox 419 920 546 971; x_wconf 87' lang='lat' dir='ltr'><strong>magis</strong></span> <span class='ocrx_word' id='word_1_71' title='bbox 581 920 802 960; x_wconf 86' lang='lat' dir='ltr'><strong>conveniat.</strong></span> <span class='ocrx_word' id='word_1_72' title='bbox 857 921 969 960; x_wconf 83' lang='lat' dir='ltr'><strong>Voce</strong></span> <span class='ocrx_word' id='word_1_73' title='bbox 1005 920 1108 960; x_wconf 91' lang='lat' dir='ltr'><strong>enim</strong></span> <span class='ocrx_word' id='word_1_74' title='bbox 1143 921 1366 972; x_wconf 83' lang='lat' dir='ltr'><strong>,accessu&#39;</strong></span> <span class='ocrx_word' id='word_1_75' title='bbox 1403 922 1584 961; x_wconf 90' lang='lat' dir='ltr'><strong>restituta</strong></span> 
     </span>
     <span class='ocr_line' id='line_1_14' title="bbox 211 983 1584 1037; baseline 0 -13"><span class='ocrx_word' id='word_1_76' title='bbox 211 988 436 1037; x_wconf 88' lang='lat' dir='ltr'><strong>punctoque</strong></span> <span class='ocrx_word' id='word_1_77' title='bbox 473 987 563 1036; x_wconf 86' lang='lat' dir='ltr'><strong>post</strong></span> <span class='ocrx_word' id='word_1_78' title='bbox 598 983 760 1024; x_wconf 89' lang='lat' dir='ltr'><strong>verbum</strong></span> <span class='ocrx_word' id='word_1_79' title='bbox 798 983 1001 1034; x_wconf 90' lang='lat' dir='ltr'><strong>,tumultu&#39;</strong></span> <span class='ocrx_word' id='word_1_80' title='bbox 1035 987 1192 1023; x_wconf 86' lang='lat' dir='ltr'><strong>servato</strong></span> <span class='ocrx_word' id='word_1_81' title='bbox 1227 996 1383 1023; x_wconf 87' lang='lat' dir='ltr'><strong>versum</strong></span> <span class='ocrx_word' id='word_1_82' title='bbox 1417 985 1493 1024; x_wconf 83' lang='lat'><strong>235</strong></span> <span class='ocrx_word' id='word_1_83' title='bbox 1527 984 1584 1024; x_wconf 91' lang='lat' dir='ltr'><strong>ita</strong></span> 
     </span>
     <span class='ocr_line' id='line_1_15' title="bbox 212 1047 411 1099; baseline 0 -12"><span class='ocrx_word' id='word_1_84' title='bbox 212 1047 411 1099; x_wconf 79' lang='lat' dir='ltr'><strong>concipio:</strong></span> 
     </span>
    </p>

    <p class='ocr_par' dir='ltr' id='par_1_7' title="bbox 257 1110 1551 1161">
     <span class='ocr_line' id='line_1_16' title="bbox 257 1110 1551 1161; baseline -0.001 -13"><span class='ocrx_word' id='word_1_85' title='bbox 257 1111 374 1161; x_wconf 86' lang='lat' dir='ltr'><strong>,Hine</strong></span> <span class='ocrx_word' id='word_1_86' title='bbox 401 1122 530 1160; x_wconf 85' lang='lat' dir='ltr'><strong>eques,</strong></span> <span class='ocrx_word' id='word_1_87' title='bbox 558 1111 645 1156; x_wconf 85' lang='lat' dir='ltr'><strong>hinc</strong></span> <span class='ocrx_word' id='word_1_88' title='bbox 672 1111 849 1147; x_wconf 90' lang='lat' dir='ltr'><strong>iuvenum</strong></span> <span class='ocrx_word' id='word_1_89' title='bbox 878 1121 1077 1147; x_wconf 86' lang='lat' dir='ltr'><strong>accessu</strong></span> <span class='ocrx_word' id='word_1_90' title='bbox 1106 1111 1204 1147; x_wconf 84' lang='lat' dir='ltr'><strong>stola</strong></span> <span class='ocrx_word' id='word_1_91' title='bbox 1233 1111 1353 1147; x_wconf 86' lang='lat' dir='ltr'><strong>mixta</strong></span> <span class='ocrx_word' id='word_1_92' title='bbox 1379 1110 1551 1147; x_wconf 63' lang='lat' dir='ltr'><strong>laborat:</strong></span> 
     </span>
    </p>

    <p class='ocr_par' dir='ltr' id='par_1_8' title="bbox 318 1171 1583 1223">
     <span class='ocr_line' id='line_1_17' title="bbox 318 1171 1583 1223; baseline -0.001 -10"><span class='ocrx_word' id='word_1_93' title='bbox 318 1173 420 1213; x_wconf 91' lang='lat' dir='ltr'><strong>Huic</strong></span> <span class='ocrx_word' id='word_1_94' title='bbox 457 1172 743 1223; x_wconf 88' lang='lat' dir='ltr'><strong>emendationi,</strong></span> <span class='ocrx_word' id='word_1_95' title='bbox 785 1183 888 1222; x_wconf 86' lang='lat' dir='ltr'><strong>quae</strong></span> <span class='ocrx_word' id='word_1_96' title='bbox 929 1171 1148 1212; x_wconf 86' lang='lat' dir='ltr'><strong>litterarum</strong></span> <span class='ocrx_word' id='word_1_97' title='bbox 1191 1172 1448 1212; x_wconf 85' lang='lat' dir='ltr'><strong>similitudine</strong></span> <span class='ocrx_word' id='word_1_98' title='bbox 1482 1185 1583 1212; x_wconf 88' lang='lat' dir='ltr'><strong>com-</strong></span> 
     </span>
    </p>
   </div>
   <div class='ocr_carea' id='block_1_4' title="bbox 214 1234 1582 1286">
    <p class='ocr_par' dir='ltr' id='par_1_9' title="bbox 214 1234 1582 1286">
     <span class='ocr_line' id='line_1_18' title="bbox 214 1234 1582 1286; baseline -0.002 -11"><span class='ocrx_word' id='word_1_99' title='bbox 214 1235 438 1286; x_wconf 88' lang='lat' dir='ltr'><strong>mendatur,</strong></span> <span class='ocrx_word' id='word_1_100' title='bbox 456 1236 592 1275; x_wconf 85' lang='lat' dir='ltr'><strong>favent</strong></span> <span class='ocrx_word' id='word_1_101' title='bbox 610 1235 730 1274; x_wconf 88' lang='lat' dir='ltr'><strong>etiam</strong></span> <span class='ocrx_word' id='word_1_102' title='bbox 749 1234 826 1274; x_wconf 91' lang='lat' dir='ltr'><strong>loci</strong></span> <span class='ocrx_word' id='word_1_103' title='bbox 852 1235 1031 1274; x_wconf 90' lang='lat' dir='ltr'><strong>nonnulli</strong></span> <span class='ocrx_word' id='word_1_104' title='bbox 1058 1235 1241 1286; x_wconf 88' lang='lat' dir='ltr'><strong>Statiani,</strong></span> <span class='ocrx_word' id='word_1_105' title='bbox 1260 1236 1368 1275; x_wconf 89' lang='lat' dir='ltr'><strong>velut</strong></span> <span class='ocrx_word' id='word_1_106' title='bbox 1381 1236 1421 1274; x_wconf 96' lang='lat' dir='ltr'><strong>II</strong></span> <span class='ocrx_word' id='word_1_107' title='bbox 1439 1235 1582 1286; x_wconf 82' lang='lat'><strong>1,196:</strong></span> 
     </span>
    </p>
   </div>
   <div class='ocr_carea' id='block_1_5' title="bbox 384 1298 1418 1400">
    <p class='ocr_par' dir='ltr' id='par_1_10' title="bbox 384 1298 1379 1400">
     <span class='ocr_line' id='line_1_19' title="bbox 542 1298 1239 1349; baseline -0.001 -12.973"><span class='ocrx_word' id='word_1_108' title='bbox 542 1298 710 1349; x_wconf 87' lang='lat' dir='ltr'><strong>,Timide</strong></span> <span class='ocrx_word' id='word_1_109' title='bbox 738 1298 898 1348; x_wconf 91' lang='lat' dir='ltr'><strong>primum</strong></span> <span class='ocrx_word' id='word_1_110' title='bbox 926 1298 1091 1348; x_wconf 86' lang='lat' dir='ltr'><strong>vestigia</strong></span> <span class='ocrx_word' id='word_1_111' title='bbox 1117 1300 1239 1349; x_wconf 84' lang='lat' dir='ltr'><strong>iungit</strong></span> 
     </span>
     <span class='ocr_line' id='line_1_20' title="bbox 384 1328 1418 1400; baseline -0.001 -10"><span class='ocrx_word' id='word_1_112' title='bbox 384 1328 596 1390; x_wconf 82' lang='lat' dir='ltr'><strong>Accessu</strong></span> <span class='ocrx_word' id='word_1_113' title='bbox 624 1353 742 1389; x_wconf 81' lang='lat' dir='ltr'><strong>tacito</strong></span> <span class='ocrx_word' id='word_1_114' title='bbox 770 1363 1012 1400; x_wconf 88' lang='lat' dir='ltr'><strong>summosque</strong></span> <span class='ocrx_word' id='word_1_115' title='bbox 1038 1353 1193 1389; x_wconf 82' lang='lat' dir='ltr'><strong>lacessit</strong></span> <span class='ocrx_word' id='word_1_116' title='bbox 1220 1352 1418 1399; x_wconf 74' lang='lat' dir='ltr'><strong>amictus-,⁹</strong></span> 
     </span>
    </p>
   </div>
   <div class='ocr_carea' id='block_1_6' title="bbox 213 1413 1581 1520">
    <p class='ocr_par' dir='ltr' id='par_1_11' title="bbox 213 1413 1581 1520">
     <span class='ocr_line' id='line_1_21' title="bbox 216 1413 1581 1468; baseline -0.001 -12"><span class='ocrx_word' id='word_1_117' title='bbox 216 1416 274 1457; x_wconf 81' lang='lat' dir='ltr'><strong>Of.</strong></span> <span class='ocrx_word' id='word_1_118' title='bbox 303 1418 512 1468; x_wconf 89' lang='lat' dir='ltr'><strong>praeterea</strong></span> <span class='ocrx_word' id='word_1_119' title='bbox 540 1415 574 1454; x_wconf 94' lang='lat' dir='ltr'><strong>V</strong></span> <span class='ocrx_word' id='word_1_120' title='bbox 606 1415 639 1466; x_wconf 90' lang='lat'><strong>1,</strong></span> <span class='ocrx_word' id='word_1_121' title='bbox 670 1414 737 1466; x_wconf 80' lang='lat'><strong>193</strong></span> <span class='ocrx_word' id='word_1_122' title='bbox 770 1413 895 1454; x_wconf 88' lang='lat' dir='ltr'><strong>Theb.</strong></span> <span class='ocrx_word' id='word_1_123' title='bbox 923 1414 1001 1454; x_wconf 94' lang='lat' dir='ltr'><strong>XII</strong></span> <span class='ocrx_word' id='word_1_124' title='bbox 1032 1414 1106 1455; x_wconf 81' lang='lat'><strong>153</strong></span> <span class='ocrx_word' id='word_1_125' title='bbox 1134 1418 1173 1455; x_wconf 90' lang='lat' dir='ltr'><strong>et</strong></span> <span class='ocrx_word' id='word_1_126' title='bbox 1200 1414 1290 1455; x_wconf 84' lang='lat'>438.</span> <span class='ocrx_word' id='word_1_127' title='bbox 1346 1414 1460 1455; x_wconf 88' lang='lat' dir='ltr'><strong>Ovid.</strong></span> <span class='ocrx_word' id='word_1_128' title='bbox 1490 1415 1581 1454; x_wconf 86' lang='lat' dir='ltr'><strong>Met.</strong></span> 
     </span>
     <span class='ocr_line' id='line_1_22' title="bbox 213 1479 428 1520; baseline -0.005 0"><span class='ocrx_word' id='word_1_129' title='bbox 213 1480 306 1520; x_wconf 93' lang='lat' dir='ltr'><strong>XIV</strong></span> <span class='ocrx_word' id='word_1_130' title='bbox 334 1479 428 1520; x_wconf 81' lang='lat'>635:</span> 
     </span>
    </p>
   </div>
   <div class='ocr_carea' id='block_1_7' title="bbox 347 1543 1451 1645">
    <p class='ocr_par' dir='ltr' id='par_1_12' title="bbox 347 1543 1451 1645">
     <span class='ocr_line' id='line_1_23' title="bbox 348 1543 1396 1594; baseline -0.002 -13"><span class='ocrx_word' id='word_1_131' title='bbox 348 1544 457 1594; x_wconf 82' lang='lat' dir='ltr'><strong>‚Vim</strong></span> <span class='ocrx_word' id='word_1_132' title='bbox 484 1548 611 1581; x_wconf 86' lang='lat' dir='ltr'><strong>tamen</strong></span> <span class='ocrx_word' id='word_1_133' title='bbox 639 1547 830 1593; x_wconf 85' lang='lat' dir='ltr'><strong>agrestum</strong></span> <span class='ocrx_word' id='word_1_134' title='bbox 858 1546 1028 1579; x_wconf 87' lang='lat' dir='ltr'><strong>metuens</strong></span> <span class='ocrx_word' id='word_1_135' title='bbox 1056 1543 1228 1592; x_wconf 84' lang='lat' dir='ltr'><strong>pomaria</strong></span> <span class='ocrx_word' id='word_1_136' title='bbox 1255 1543 1396 1580; x_wconf 81' lang='lat' dir='ltr'><strong>claudit</strong></span> 
     </span>
     <span class='ocr_line' id='line_1_24' title="bbox 347 1596 1451 1645; baseline -0.001 -11"><span class='ocrx_word' id='word_1_137' title='bbox 347 1597 451 1634; x_wconf 88' lang='lat' dir='ltr'><strong>Intus</strong></span> <span class='ocrx_word' id='word_1_138' title='bbox 480 1600 519 1633; x_wconf 91' lang='lat' dir='ltr'><strong>et</strong></span> <span class='ocrx_word' id='word_1_139' title='bbox 547 1608 772 1633; x_wconf 84' lang='lat' dir='ltr'><strong>accessus</strong></span> <span class='ocrx_word' id='word_1_140' title='bbox 799 1596 978 1645; x_wconf 84' lang='lat' dir='ltr'><strong>prohibet</strong></span> <span class='ocrx_word' id='word_1_141' title='bbox 1004 1596 1218 1645; x_wconf 87' lang='lat' dir='ltr'><strong>refugitque</strong></span> <span class='ocrx_word' id='word_1_142' title='bbox 1247 1596 1451 1633; x_wconf 88' lang='lat' dir='ltr'><strong>viriles.&#39;</strong></span> 
     </span>
    </p>
   </div>
   <div class='ocr_carea' id='block_1_8' title="bbox 213 1655 1581 1773">
    <p class='ocr_par' dir='ltr' id='par_1_13' title="bbox 213 1655 1581 1773">
     <span class='ocr_line' id='line_1_25' title="bbox 215 1655 1581 1708; baseline -0.001 -10"><span class='ocrx_word' id='word_1_143' title='bbox 215 1658 330 1699; x_wconf 90' lang='lat' dir='ltr'><strong>Ovid.</strong></span> <span class='ocrx_word' id='word_1_144' title='bbox 358 1658 442 1698; x_wconf 88' lang='lat' dir='ltr'><strong>Art.</strong></span> <span class='ocrx_word' id='word_1_145' title='bbox 462 1670 540 1698; x_wconf 90' lang='lat' dir='ltr'><strong>am.</strong></span> <span class='ocrx_word' id='word_1_146' title='bbox 568 1659 587 1697; x_wconf 97' lang='lat' dir='ltr'>I</span> <span class='ocrx_word' id='word_1_147' title='bbox 616 1658 713 1708; x_wconf 77' lang='lat'>3523</span> <span class='ocrx_word' id='word_1_148' title='bbox 741 1656 860 1706; x_wconf 88' lang='lat' dir='ltr'><strong>Verg.</strong></span> <span class='ocrx_word' id='word_1_149' title='bbox 889 1657 987 1696; x_wconf 90' lang='lat' dir='ltr'><strong>Aen.</strong></span> <span class='ocrx_word' id='word_1_150' title='bbox 1015 1655 1076 1695; x_wconf 87' lang='lat'><strong>111</strong></span> <span class='ocrx_word' id='word_1_151' title='bbox 1103 1656 1199 1706; x_wconf 76' lang='lat'>5703</span> <span class='ocrx_word' id='word_1_152' title='bbox 1228 1657 1376 1697; x_wconf 89' lang='lat' dir='ltr'><strong>Lucan.</strong></span> <span class='ocrx_word' id='word_1_153' title='bbox 1405 1658 1465 1697; x_wconf 95' lang='lat' dir='ltr'><strong>III</strong></span> <span class='ocrx_word' id='word_1_154' title='bbox 1492 1658 1581 1697; x_wconf 80' lang='lat'>425.</span> 
     </span>
     <span class='ocr_line' id='line_1_26' title="bbox 213 1721 585 1773; baseline -0.005 -11"><span class='ocrx_word' id='word_1_155' title='bbox 213 1722 293 1763; x_wconf 86' lang='lat' dir='ltr'><strong>Cic.</strong></span> <span class='ocrx_word' id='word_1_156' title='bbox 322 1721 403 1761; x_wconf 87' lang='lat' dir='ltr'><strong>Mil.</strong></span> <span class='ocrx_word' id='word_1_157' title='bbox 434 1722 495 1773; x_wconf 91' lang='lat'><strong>19,</strong></span> <span class='ocrx_word' id='word_1_158' title='bbox 522 1721 585 1761; x_wconf 80' lang='lat'><strong>52.</strong></span> 
     </span>
    </p>
   </div>
   <div class='ocr_carea' id='block_1_9' title="bbox 793 1925 1000 1980">
    <p class='ocr_par' dir='ltr' id='par_1_14' title="bbox 793 1925 1000 1980">
     <span class='ocr_line' id='line_1_27' title="bbox 793 1925 1000 1980; baseline 0 -11"><span class='ocrx_word' id='word_1_159' title='bbox 793 1925 812 1969; x_wconf 85' lang='grc' dir='ltr'>Ι</span> <span class='ocrx_word' id='word_1_160' title='bbox 846 1925 889 1980; x_wconf 83' lang='grc'><strong>3,</strong></span> <span class='ocrx_word' id='word_1_161' title='bbox 930 1926 1000 1969; x_wconf 87' lang='lat'><strong>16.</strong></span> 
     </span>
    </p>
   </div>
   <div class='ocr_carea' id='block_1_10' title="bbox 214 2008 1582 2492">
    <p class='ocr_par' dir='ltr' id='par_1_15' title="bbox 217 2008 1499 2154">
     <span class='ocr_line' id='line_1_28' title="bbox 217 2008 1407 2058; baseline 0 -14"><span class='ocrx_word' id='word_1_162' title='bbox 217 2009 261 2047; x_wconf 91' lang='lat' dir='ltr'><strong>V.</strong></span> <span class='ocrx_word' id='word_1_163' title='bbox 282 2011 347 2045; x_wconf 87' lang='lat'><strong>15:</strong></span> <span class='ocrx_word' id='word_1_164' title='bbox 378 2009 591 2058; x_wconf 86' lang='lat' dir='ltr'><strong>,Ingenium</strong></span> <span class='ocrx_word' id='word_1_165' title='bbox 620 2020 731 2057; x_wconf 88' lang='lat' dir='ltr'><strong>quam</strong></span> <span class='ocrx_word' id='word_1_166' title='bbox 759 2010 851 2046; x_wconf 90' lang='lat' dir='ltr'><strong>mite</strong></span> <span class='ocrx_word' id='word_1_167' title='bbox 879 2009 979 2046; x_wconf 88' lang='lat' dir='ltr'><strong>solo!</strong></span> <span class='ocrx_word' id='word_1_168' title='bbox 1008 2020 1106 2057; x_wconf 84' lang='lat' dir='ltr'><strong>quae</strong></span> <span class='ocrx_word' id='word_1_169' title='bbox 1133 2009 1255 2045; x_wconf 85' lang='lat' dir='ltr'><strong>forma</strong></span> <span class='ocrx_word' id='word_1_170' title='bbox 1284 2008 1407 2044; x_wconf 81' lang='lat' dir='ltr'><strong>beatis</strong></span> 
     </span>
     <span class='ocr_line' id='line_1_29' title="bbox 372 2061 1499 2111; baseline 0 -13"><span class='ocrx_word' id='word_1_171' title='bbox 372 2062 469 2098; x_wconf 88' lang='lat' dir='ltr'><strong>Arte</strong></span> <span class='ocrx_word' id='word_1_172' title='bbox 496 2074 627 2099; x_wconf 87' lang='lat' dir='ltr'><strong>manus</strong></span> <span class='ocrx_word' id='word_1_173' title='bbox 655 2066 901 2111; x_wconf 86' lang='lat' dir='ltr'><strong>artemque</strong></span> <span class='ocrx_word' id='word_1_174' title='bbox 928 2062 1040 2100; x_wconf 88' lang='lat' dir='ltr'><strong>locis!</strong></span> <span class='ocrx_word' id='word_1_175' title='bbox 1070 2073 1144 2099; x_wconf 90' lang='lat' dir='ltr'><strong>non</strong></span> <span class='ocrx_word' id='word_1_176' title='bbox 1172 2061 1313 2110; x_wconf 88' lang='lat' dir='ltr'><strong>largius</strong></span> <span class='ocrx_word' id='word_1_177' title='bbox 1342 2072 1499 2110; x_wconf 86' lang='lat' dir='ltr'><strong>usquam</strong></span> 
     </span>
     <span class='ocr_line' id='line_1_30' title="bbox 373 2115 819 2154; baseline 0.002 -3"><span class='ocrx_word' id='word_1_178' title='bbox 373 2115 534 2153; x_wconf 86' lang='lat' dir='ltr'><strong>Indulsit</strong></span> <span class='ocrx_word' id='word_1_179' title='bbox 559 2118 694 2152; x_wconf 85' lang='lat' dir='ltr'><strong>natura</strong></span> <span class='ocrx_word' id='word_1_180' title='bbox 722 2115 819 2154; x_wconf 89' lang='lat' dir='ltr'><strong>sibi.&#39;</strong></span> 
     </span>
    </p>

    <p class='ocr_par' dir='ltr' id='par_1_16' title="bbox 214 2186 1582 2492">
     <span class='ocr_line' id='line_1_31' title="bbox 318 2186 1582 2240; baseline 0.001 -14"><span class='ocrx_word' id='word_1_181' title='bbox 318 2187 429 2227; x_wconf 93' lang='lat' dir='ltr'><strong>Libri</strong></span> <span class='ocrx_word' id='word_1_182' title='bbox 456 2187 731 2239; x_wconf 89' lang='lat' dir='ltr'><strong>Sangallensis</strong></span> <span class='ocrx_word' id='word_1_183' title='bbox 759 2187 1032 2240; x_wconf 85' lang='lat' dir='ltr'><strong>apographum</strong></span> <span class='ocrx_word' id='word_1_184' title='bbox 1060 2190 1100 2226; x_wconf 90' lang='lat' dir='ltr'><strong>et</strong></span> <span class='ocrx_word' id='word_1_185' title='bbox 1127 2186 1189 2226; x_wconf 90' lang='lat' dir='ltr'><strong>ed.</strong></span> <span class='ocrx_word' id='word_1_186' title='bbox 1209 2199 1267 2239; x_wconf 87' lang='lat' dir='ltr'><strong>pr.</strong></span> <span class='ocrx_word' id='word_1_187' title='bbox 1288 2186 1329 2225; x_wconf 88' lang='lat' dir='ltr'><strong>in</strong></span> <span class='ocrx_word' id='word_1_188' title='bbox 1357 2187 1582 2239; x_wconf 83' lang='lat' dir='ltr'><strong>corruptela</strong></span> 
     </span>
     <span class='ocr_line' id='line_1_32' title="bbox 216 2249 1581 2302; baseline -0.002 -11"><span class='ocrx_word' id='word_1_189' title='bbox 216 2251 501 2301; x_wconf 84' lang='lat' dir='ltr'><strong>,artemque&#39;</strong></span> <span class='ocrx_word' id='word_1_190' title='bbox 548 2252 807 2302; x_wconf 87' lang='lat' dir='ltr'><strong>consentiunt,</strong></span> <span class='ocrx_word' id='word_1_191' title='bbox 850 2263 938 2290; x_wconf 92' lang='lat' dir='ltr'><strong>cum</strong></span> <span class='ocrx_word' id='word_1_192' title='bbox 979 2250 1042 2290; x_wconf 87' lang='lat' dir='ltr'><strong>ed.</strong></span> <span class='ocrx_word' id='word_1_193' title='bbox 1082 2251 1214 2290; x_wconf 88' lang='lat' dir='ltr'><strong>Parm.</strong></span> <span class='ocrx_word' id='word_1_194' title='bbox 1256 2249 1442 2289; x_wconf 84' lang='lat' dir='ltr'><strong>exhibeat</strong></span> <span class='ocrx_word' id='word_1_195' title='bbox 1479 2260 1581 2301; x_wconf 78' lang='lat' dir='ltr'><strong>,an-</strong></span> 
     </span>
     <span class='ocr_line' id='line_1_33' title="bbox 214 2312 1581 2365; baseline 0 -12"><span class='ocrx_word' id='word_1_196' title='bbox 214 2313 381 2365; x_wconf 90' lang='lat' dir='ltr'><strong>tiqua’,</strong></span> <span class='ocrx_word' id='word_1_197' title='bbox 409 2313 553 2354; x_wconf 89' lang='lat' dir='ltr'><strong>novicii</strong></span> <span class='ocrx_word' id='word_1_198' title='bbox 581 2317 713 2354; x_wconf 89' lang='lat' dir='ltr'><strong>autem</strong></span> <span class='ocrx_word' id='word_1_199' title='bbox 739 2313 897 2354; x_wconf 88' lang='lat' dir='ltr'><strong>codices</strong></span> <span class='ocrx_word' id='word_1_200' title='bbox 915 2312 1121 2354; x_wconf 88' lang='lat' dir='ltr'><strong>doctorum</strong></span> <span class='ocrx_word' id='word_1_201' title='bbox 1139 2313 1327 2353; x_wconf 86' lang='lat' dir='ltr'><strong>Italorum</strong></span> <span class='ocrx_word' id='word_1_202' title='bbox 1347 2312 1581 2353; x_wconf 88' lang='lat' dir='ltr'><strong>coniecturis</strong></span> 
     </span>
     <span class='ocr_line' id='line_1_34' title="bbox 214 2376 1580 2429; baseline 0.001 -13"><span class='ocrx_word' id='word_1_203' title='bbox 214 2376 350 2418; x_wconf 88' lang='lat' dir='ltr'><strong>infecti</strong></span> <span class='ocrx_word' id='word_1_204' title='bbox 378 2378 670 2429; x_wconf 80' lang='lat' dir='ltr'><strong>,eoncessa’3</strong></span> <span class='ocrx_word' id='word_1_205' title='bbox 698 2390 799 2428; x_wconf 87' lang='lat' dir='ltr'><strong>quae</strong></span> <span class='ocrx_word' id='word_1_206' title='bbox 826 2377 1023 2429; x_wconf 90' lang='lat' dir='ltr'><strong>scriptura</strong></span> <span class='ocrx_word' id='word_1_207' title='bbox 1049 2391 1075 2417; x_wconf 89' lang='lat' dir='ltr'><strong>a</strong></span> <span class='ocrx_word' id='word_1_208' title='bbox 1103 2377 1278 2417; x_wconf 88' lang='lat' dir='ltr'><strong>Domitio</strong></span> <span class='ocrx_word' id='word_1_209' title='bbox 1306 2376 1472 2428; x_wconf 91' lang='lat' dir='ltr'><strong>primum</strong></span> <span class='ocrx_word' id='word_1_210' title='bbox 1501 2376 1580 2429; x_wconf 89' lang='lat' dir='ltr'><strong>(ed.</strong></span> 
     </span>
     <span class='ocr_line' id='line_1_35' title="bbox 214 2439 1582 2492; baseline 0.001 -12"><span class='ocrx_word' id='word_1_211' title='bbox 214 2441 341 2491; x_wconf 89' lang='lat' dir='ltr'><strong>Rom.)</strong></span> <span class='ocrx_word' id='word_1_212' title='bbox 380 2440 507 2492; x_wconf 89' lang='lat' dir='ltr'><strong>edita,</strong></span> <span class='ocrx_word' id='word_1_213' title='bbox 548 2441 643 2481; x_wconf 89' lang='lat' dir='ltr'><strong>licet</strong></span> <span class='ocrx_word' id='word_1_214' title='bbox 675 2442 742 2482; x_wconf 86' lang='lat' dir='ltr'><strong>vix</strong></span> <span class='ocrx_word' id='word_1_215' title='bbox 783 2442 867 2483; x_wconf 89' lang='lat' dir='ltr'><strong>alia</strong></span> <span class='ocrx_word' id='word_1_216' title='bbox 906 2441 1084 2492; x_wconf 88' lang='lat' dir='ltr'><strong>qualibet</strong></span> <span class='ocrx_word' id='word_1_217' title='bbox 1117 2441 1245 2492; x_wconf 84' lang='lat' dir='ltr'><strong>magis</strong></span> <span class='ocrx_word' id='word_1_218' title='bbox 1279 2439 1459 2481; x_wconf 88' lang='lat' dir='ltr'><strong>redoleat</strong></span> <span class='ocrx_word' id='word_1_219' title='bbox 1494 2454 1582 2481; x_wconf 90' lang='lat' dir='ltr'><strong>con-</strong></span> 
     </span>
    </p>
   </div>
   <div class='ocr_carea' id='block_1_11' title="bbox 214 2529 462 2533">
    <p class='ocr_par' dir='ltr' id='par_1_17' title="bbox 214 2529 462 2533">
     <span class='ocr_line' id='line_1_36' title="bbox 214 2529 462 2533; baseline 0 0"><span class='ocrx_word' id='word_1_220' title='bbox 214 2529 462 2533; x_wconf 95' lang='lat' dir='ltr'><strong> </strong></span> 
     </span>
    </p>
   </div>
   <div class='ocr_carea' id='block_1_12' title="bbox 322 2567 612 2610">
    <p class='ocr_par' dir='ltr' id='par_1_18' title="bbox 322 2567 612 2610">
     <span class='ocr_line' id='line_1_37' title="bbox 322 2567 612 2610; baseline 0 -9"><span class='ocrx_word' id='word_1_221' title='bbox 322 2567 348 2609; x_wconf 82' lang='grc' dir='ltr'><strong>ι)</strong></span> <span class='ocrx_word' id='word_1_222' title='bbox 370 2567 409 2601; x_wconf 86' lang='lat' dir='ltr'><strong>L.</strong></span> <span class='ocrx_word' id='word_1_223' title='bbox 432 2577 461 2601; x_wconf 72' lang='grc' dir='ltr'><strong>ο.</strong></span> <span class='ocrx_word' id='word_1_224' title='bbox 483 2578 517 2610; x_wconf 84' lang='lat' dir='ltr'><strong>p.</strong></span> <span class='ocrx_word' id='word_1_225' title='bbox 540 2567 612 2601; x_wconf 82' lang='lat'>769.</span> 
     </span>
    </p>
   </div>
  </div>
 </body>
</html>
