1744 2973
852 140 901 178 14

755 290 793 333 ΙΙ
833 291 871 344 1,
909 290 984 334 33.

184 373 228 409 V.
247 375 315 410 30:
343 400 631 416 ........
643 372 705 409 Me
733 373 891 409 fulmine
919 374 958 410 in
985 374 1069 422 ipso

341 425 535 463 Audivere
562 429 703 474 patres,
733 437 804 475 ego
833 426 942 462 iuxta
969 425 1082 464 busta
1109 425 1273 476 profusis

340 478 525 515 Matribus
554 483 669 526 atque
696 478 771 527 piis
801 479 923 524 cecini
951 478 1090 516 solatia
1117 479 1215 516 natis

339 532 390 568 Et
418 532 521 579 mihi,
550 543 634 568 cum
661 524 839 581 proprios'
865 543 1057 581 gemerem
1086 532 1307 569 defectus
1336 531 1384 569 ad
1412 532 1518 582 ignes

341 583 474 633 Quem,
502 588 648 632 natura,
678 583 864 633 patrem!⁹

288 666 432 707 Omnia
467 666 567 707 haec
602 667 724 707 verba
758 667 971 719 perspicua
1005 671 1097 707 sunt
1131 671 1291 719 praeter
1322 667 1558 708 vocabulum

183 729 465 781 ,defectus',
507 729 613 781 quod
648 729 781 769 mendi
817 729 1085 782 suspicionem
1119 730 1299 782 pluribus
1334 729 1384 770 de
1426 730 1558 771 causis

181 796 324 833 movet.
370 794 546 832 Primum
566 794 669 833 enim
687 794 897 833 verborum
927 794 1138 834 collocatio
1160 794 1218 834 ita
1237 798 1297 834 est
1315 797 1558 846 comparata,

182 859 225 894 ut
259 855 476 895 secundum
512 856 744 896 sollemnem
781 860 987 909 poetarum
1015 868 1128 897 usum
1156 857 1280 897 verba
1309 855 1559 909 ,proprios

184 918 242 959 ad
277 919 431 970 ignes'
475 932 524 960 ex
560 919 796 973 interposita
831 933 930 961 voce
968 920 1233 971 ,defectus'
1270 932 1463 973 suspensa
1497 933 1561 961 ac-

183 983 316 1034 cipere
359 995 567 1034 conemur,
609 984 715 1034 quod
757 997 845 1023 cum
885 984 971 1023 fieri
1007 988 1198 1035 nequeat,
1241 988 1280 1023 et
1314 984 1559 1036 exspectatio

183 1045 354 1098 decepta
382 1058 454 1086 nos
482 1047 616 1086 turbat
644 1051 684 1086 et
710 1059 835 1098 genus
863 1046 963 1087 illud
992 1046 1169 1087 dicendi:
1203 1047 1402 1099 ,defectus
1428 1047 1560 1099 gemui

182 1114 338 1161 patrem
366 1109 425 1149 ad
444 1111 671 1161 proprios
699 1111 869 1161 ignes',
899 1115 1089 1160 quantum
1108 1109 1293 1160 equidem
1310 1110 1406 1149 mihi
1423 1110 1560 1149 iudicii

181 1171 388 1212 vindicare
423 1171 572 1224 audeo,
606 1172 671 1212 vix
707 1176 828 1225 poeta
862 1173 985 1226 polito
1022 1177 1061 1213 et
1094 1172 1268 1225 eleganti
1296 1177 1356 1213 est
1383 1171 1557 1224 dignum.

182 1237 284 1275 Tum
318 1236 419 1275 illud
454 1235 716 1287 ,defectus’
750 1237 880 1288 ipsum
915 1236 966 1275 de
1006 1240 1089 1276 toto
1130 1237 1287 1276 homine
1327 1241 1559 1288 usurpatum

184 1303 423 1351 praeterque
443 1298 768 1338 consuetudinem
788 1299 970 1339 absolute
988 1299 1173 1351 positum,
1193 1311 1281 1339 cum
1299 1311 1378 1339 non
1393 1298 1560 1351 dicatur,

183 1375 263 1412 qua
298 1374 342 1402 re
376 1366 497 1414 poeta.
534 1362 713 1402 defectus
749 1362 885 1413 fuerit,
928 1363 1116 1414 ambigua
1149 1363 1188 1402 vi
1224 1375 1272 1402 ac
1305 1362 1421 1403 nimis
1455 1375 1561 1413 vaga

182 1424 343 1464 notione
361 1425 520 1465 laborat
538 1424 753 1475 frigidique
772 1425 951 1465 nonnihil
971 1428 1011 1464 et
1028 1424 1208 1476 languidi
1226 1425 1358 1465 habet.
1393 1425 1581 1465 Accedit.

182 1488 366 1540 denique,
394 1488 501 1539 quod
529 1489 736 1541 scrupulos
764 1501 873 1529 meos
902 1489 1061 1540 egregie
1087 1488 1219 1529 firmat
1245 1489 1356 1529 locus
1375 1487 1490 1540 1113,
1509 1488 1557 1527 4Ἱ

182 1552 406 1592 simillimus
434 1552 682 1603 eandemque
709 1564 792 1592 rem
819 1552 1110 1603 perstringens,
1139 1553 1205 1603 qui
1233 1552 1328 1591 mihi
1355 1551 1461 1591 idem
1489 1551 1559 1592 tol-

137 1621 140 1625 “
182 1615 327 1656 lendae
356 1615 606 1666 corruptelae
634 1615 721 1656 loco
750 1618 885 1655 nostro
913 1615 1075 1655 latentis
1102 1615 1208 1655 viam
1237 1615 1409 1667 aperuit:

315 1680 467 1727 ,Neque
496 1680 596 1715 enim
625 1680 716 1715 mihi
744 1679 836 1715 flere
863 1683 1060 1727 parentem

313 1731 498 1781 Ignotum,
529 1737 567 1768 et
595 1732 779 1768 similes
807 1732 963 1781 gemui
990 1730 1241 1780 proiectus
1269 1730 1316 1767 ad
1345 1730 1475 1780 ignes?

287 1794 460 1834 Jamiam
500 1793 613 1832 vides
653 1793 852 1833 medelam
894 1794 981 1833 loco
1017 1796 1152 1832 nostro
1193 1792 1554 1833 accommodatam:

183 1856 341 1908 scripsit
369 1855 473 1895 enim
501 1855 710 1907 Papinius:

384 1950 392 1957 .
423 1951 432 1959 .
462 1932 566 1970 ,cum
593 1922 816 1970 proprios
845 1932 1075 1969 gemerem
1104 1918 1297 1960 deiectus
1325 1920 1372 1957 ad
1400 1921 1506 1970 ignes

342 1972 476 2021 Quem,
504 1977 651 2021 natura,
678 1974 861 2022 patreml'

291 2036 352 2075 En
387 2035 512 2076 habes
547 2037 765 2075 mutatione
792 2047 921 2088 paene
949 2035 1060 2075 nulla
1088 2035 1298 2076 locutionis
1325 2047 1404 2075 non
1432 2035 1558 2076 solum

182 2098 483 2138 similitudinem
523 2098 631 2149 apud
671 2102 812 2149 poetas
857 2098 964 2137 illius
1010 2098 1154 2137 aetatis
1198 2099 1475 2150 pervulgatam
1521 2102 1560 2137 et

181 2162 414 2202 affectatam
458 2161 771 2212 varietatemque
816 2161 933 2201 simul
985 2160 1188 2213 superiore
1233 2161 1303 2201 illo
1348 2160 1558 2214 participio

181 2240 217 2266 v.
254 2227 302 2265 31
345 2224 601 2277 ‚profusis'
637 2224 854 2265 adductam
890 2225 1185 2275 suavissimam,
1219 2224 1291 2264 sed
1319 2225 1440 2265 etiam
1474 2237 1557 2264 ver-

181 2291 321 2329 borum
358 2299 551 2327 conexum
587 2288 926 2338 elegantissimum
961 2287 1375 2338 constructionemque
1409 2288 1558 2340 perspi-

183 2354 316 2393 cuam!
380 2351 648 2392 Deiciendi
683 2364 777 2391 vero
817 2352 981 2392 verbum
1025 2350 1306 2402 proiciendi
1347 2352 1411 2391 vel
1453 2364 1559 2404 pro—

181 2415 438 2457 sternendi
467 2415 628 2456 notione
648 2419 829 2455 ornatum
851 2415 981 2467 poetis
1000 2415 1155 2455 Latinis
1183 2414 1364 2455 omnibus
1392 2415 1558 2456 familia-

181 2481 380 2522 rissimum
407 2480 543 2532 fuisse,
573 2480 698 2520 multa
717 2480 902 2532 exempla
922 2479 1077 2531 docent,
1106 2482 1162 2519 ut.
1182 2478 1391 2520 Claudian.
1437 2480 1557 2533 Rapt.

182 2546 364 2595 Proser-p.
400 2545 458 2583 ΙΙΙ
493 2545 569 2583 297
606 2544 803 2595 ‚Supplex
841 2543 1140 2593 deiectaque
1178 2543 1318 2583 vestris
1354 2542 1558 2583 Advolvor
