1744 2973
855 196 903 235 19

195 324 339 365 coloris
367 322 508 362 marini
542 322 625 362 sive
660 321 797 362 viridis
825 321 1153 372 significationem
1180 321 1445 372 requiramus,
1482 333 1565 360 ver-

192 390 286 429 bum
315 386 583 439 ‚spectare'
603 385 687 425 sive
704 384 837 437 potius
854 397 979 437 genus
998 384 1158 426 dicendi
1185 384 1424 436 ,gaudens
1443 384 1567 425 fluc-

194 456 271 490 tus
314 452 546 500 spectare
590 448 840 498 Carystos'
886 448 1080 487 eiusmodi
1120 448 1341 487 sententiae
1382 448 1565 487 sufficere

195 517 265 553 aut
283 509 624 553 accommodatum
644 521 731 550 esse
749 522 896 561 negare
914 523 993 550 non
1020 510 1302 552 dubitabimus.
1346 510 1444 550 Inde
1471 522 1565 550 vero

194 576 315 616 etiam
342 577 529 626 apparet,
566 573 895 623 Grasbergeri
914 574 940 624 ²)
968 573 1163 613 medelam
1194 573 1355 624 ,fluctus
1383 562 1565 613 artare'

194 637 255 678 ad·
286 636 365 676 loci
406 636 587 675 salebras
627 634 827 675 tollendas
875 635 1032 675 omnino
1074 635 1172 675 nihil
1211 637 1358 676 valere.
1425 636 1564 686 Neque

194 700 323 750 magis
359 699 542 748 cuiquam
570 696 783 744 Queckii
797 697 823 747 ²)
857 697 1143 749 interpretandi
1179 699 1280 738 ratio
1313 703 1445 751 potest
1478 711 1566 750 pro-

194 763 302 807 bari:
345 761 515 813 ‚gaudet
541 773 713 800 marmor
740 761 984 812 Carystium,
1021 761 1115 800 dum
1142 773 1251 800 marc
1278 762 1374 801 sibi
1403 762 1565 801 simile

195 828 371 878 spectat,
405 823 555 876 gaudet
583 823 672 876 pari
700 824 832 864 colore
859 836 969 864 mare
996 822 1206 876 spe‘ct-are,'
1238 837 1330 865 nam
1356 825 1565 865 verborum

193 890 351 929 illorum
386 888 505 939 ‚sibi
539 888 719 927 simile⁷
753 888 819 927 vel
854 888 986 939 ‚pari
1021 889 1223 938 colore'‚
1260 900 1424 938 quorum
1450 888 1492 927 in
1526 889 1565 927 vi

197 952 330 992 omnia
356 954 448 991 sunt
474 951 617 1003 posita,
645 961 696 989 ne
722 950 934 1001 vestigium
961 950 1120 1000 quidem
1147 951 1271 990 ullum
1299 954 1442 991 exstat.

298 1010 480 1063 Denique
498 1025 549 1052 ne
568 1013 654 1063 quis
674 1012 843 1052 Statium
863 1013 1073 1064 ‚fluctus
1093 1026 1146 1065 sp
1158 1014 1340 1053 ectarc’
1360 1013 1566 1065 scripsisse

197 1078 252 1119 ad
266 1077 563 1118 similitudinem
578 1077 819 1117 locutionum
834 1090 1004 1131 ‚crocum
1019 1079 1139 1129 olere,
1154 1089 1263 1117 mare
1277 1076 1428 1129 sapere’
1443 1076 1567 1128 suspi—

195 1147 363 1193 caretur,
378 1153 449 1181 suo
463 1141 547 1180 iure
561 1141 594 1181 B
604 1154 628 1181 a
636 1153 658 1180 e
667 1140 693 1180 h
701 1154 720 1180 r
730 1153 784 1180 cn
793 1153 812 1181 s
821 1141 870 1181 iu
878 1153 896 1181 s
905 1141 933 1190 ³)
948 1141 1110 1192 monuit,
1134 1154 1235 1192 ,cum
1249 1141 1349 1180 illud
1362 1140 1419 1179 nil
1433 1144 1568 1192 posset

195 1204 420 1254 significare
446 1203 523 1242 nisi
550 1203 644 1242 hoc:
675 1215 866 1253 ,marmor
885 1203 1109 1254 Carystium
1136 1204 1177 1242 in
1204 1215 1314 1242 mare
1340 1203 1568 1254 prospicere

195 1265 404 1318 gaudens.'
458 1266 511 1306 At
552 1279 640 1306 cum
676 1265 941 1307 Baehrensius
981 1266 1067 1319 ipse
1102 1266 1335 1307 Salmasii
1377 1278 1568 1306 commen-

198 1335 325 1370 torum
354 1330 562 1380 ,fluctus
590 1331 821 1380 aequare'
851 1335 891 1374 et
926 1331 1104 1379 ,fluctu
1133 1331 1340 1369 certarc'
1368 1330 1499 1381 priore
1526 1329 1567 1367 in

194 1396 345 1431 textum
365 1396 525 1445 recepto
545 1392 799 1444 acquieverit,
827 1393 1087 1433 Polsterus
1101 1392 1129 1444 ⁴)
1158 1392 1358 1432 notionem
1375 1404 1568 1443 usumque

195 1456 461 1508 spectandi
487 1456 608 1496 verbo
638 1469 662 1496 a
690 1456 932 1497 Baehrensio
961 1456 1155 1507 derogata
1182 1458 1304 1497 verbo
1335 1457 1566 1508 ,spirare’

195 1518 399 1558 vindicare
427 1518 578 1558 studuit
605 1518 725 1568 idque
751 1519 994 1569 ingeniosius
1014 1531 1132 1569 quam
1151 1519 1299 1558 verius:
1327 1532 1420 1559 nam
1438 1531 1567 1569 neque

196 1582 379 1633 exempla
406 1582 458 1622 ab
485 1582 572 1635 ipso
600 1581 759 1634 prolata
786 1581 898 1634 (Silv.
918 1582 953 1622 V
983 1583 1017 1634 1,
1045 1583 1124 1622 230
1151 1587 1191 1622 et
1218 1583 1277 1622 III
1304 1584 1341 1634 3,
1369 1583 1467 1633 2023
1495 1582 1565 1623 Sil.

194 1645 285 1683 Ital.
304 1645 379 1683 XV
407 1645 498 1695 411)
527 1644 625 1684 satis
653 1644 798 1684 idonea
826 1649 928 1695 sunt,
957 1646 1099 1695 quibus
1127 1646 1238 1684 verbi
1265 1646 1445 1697 spirandi
1472 1658 1566 1685 usus

196 1706 275 1747 loci
315 1708 440 1748 nostri
480 1706 700 1748 sentcntiae
743 1708 981 1748 conveniens
1027 1707 1281 1760 exhibeatur,
1327 1712 1367 1748 et
1408 1708 1566 1749 dicendi

195 1783 321 1821 genus
347 1771 477 1823 ipsum
505 1771 712 1822 ‚fluctus
740 1772 951 1822 spirare'
980 1771 1031 1810 de
1058 1784 1254 1811 marmore
1281 1777 1514 1824 usurpatum
1542 1787 1567 1812 a

196 1834 388 1874 sermonis
414 1834 548 1874 Latini
575 1833 728 1874 ratione
755 1834 931 1885 longius,
960 1846 1080 1885 quam
1106 1847 1181 1886 par
1209 1839 1288 1886 est,
1316 1834 1473 1875 videtur
1499 1836 1566 1876 ab·

195 1897 405 1946 horrere.⁵)

299 1960 493 2010 Equidem
513 1960 700 2000 Salmasii
718 1960 952 2011 sententiae,
981 1964 1181 1999 certamen
1202 1961 1401 2010 quoddam
1422 1962 1565 2001 coloris

194 2022 298 2062 inter
324 2035 497 2063 marmor
524 2027 564 2063 et
590 2035 701 2063 mare
727 2023 858 2075 innui,
886 2023 943 2063 ita
970 2023 1210 2077 adstipulor,
1244 2028 1288 2064 ut
1313 2025 1565 2077 ,superare’

194 2086 326 2138 potius
353 2087 637 2126 restituendum
666 2099 861 2136 censeam,
890 2087 997 2137 quod
1013 2088 1175 2126 verbum
1197 2100 1268 2138 per
1290 2087 1565 2139 compendium

197 2152 404 2189 exaratum
437 2148 558 2189 facile
592 2149 633 2189 in
668 2150 935 2202 ,spectare’
971 2150 1083 2190 abire
1117 2150 1255 2201 potuit.
1310 2150 1399 2198 Qua
1433 2155 1565 2191 autem

197 2224 240 2251 re
268 2225 439 2252 marmor
466 2212 689 2264 Carystium
718 2216 878 2265 superet
904 2212 1058 2264 fluctus,
1087 2213 1277 2253 orationis
1304 2218 1441 2253 tenore
1468 2214 1565 2254 satis

305 2339 329 2376 1)
351 2340 390 2373 L.
412 2349 441 2372 c.
462 2349 497 2381 p.
519 2339 593 2372 420.

303 2393 330 2434 ²)
354 2392 446 2426 Edit.
469 2391 581 2434 praef.
603 2402 637 2434 p.
659 2393 737 2427 XV.

304 2446 330 2487 3)
353 2444 444 2478 Edit.
466 2444 578 2487 praef.
600 2455 633 2487 p.
656 2445 750 2479 XIX.

300 2499 329 2541 ⁴²)
353 2498 582 2539 Quaestiones
605 2498 795 2533 Statianae.
817 2500 940 2542 partic.
962 2501 980 2534 I
1001 2511 1035 2543 p.
1058 2501 1088 2533 5.

304 2552 330 2594 ⁵)
353 2551 405 2585 Of.
430 2552 533 2586 etiam
556 2562 608 2594 ea,
632 2564 722 2596 quae
743 2554 785 2587 R.
803 2554 1090 2598 Bitschofsky
1113 2555 1156 2588 de
1179 2554 1245 2588 hoc
1267 2557 1345 2588 loco
1370 2555 1566 2597 disputavit

195 2603 365 2639 Fleckeis.
388 2614 466 2638 ann.
488 2606 558 2639 vol.
583 2605 712 2641 CXVII
733 2606 842 2649 (1878)
864 2617 898 2649 p.
921 2607 984 2640 573
1006 2616 1080 2651 seq.

1342 2669 1385 2703 2*
