1744 2973
779 324 797 367 1
832 325 874 378 3,
912 324 986 367 32.

202 416 246 453 V.
269 418 337 455 30:
372 446 381 456 .
411 446 420 455 .
450 446 458 454 .
489 446 497 454 .
526 418 666 467 ‚Datur
692 418 754 454 hic
776 419 1038 459 ‚transmittere
1065 418 1168 454 visus

369 469 422 506 Et
447 482 560 508 voces
589 473 628 507 et
654 482 775 519 paene
801 482 944 507 manus.
973 471 1028 507 sic
1055 469 1237 507 Chalcida
1268 469 1400 507 fluctus

370 522 634 572 Expellunt
662 523 825 569 fluvii3
853 524 908 559 sic
935 523 1140 559 dissociata
1165 523 1353 570 profundo

369 573 517 611 Bruttia
544 574 735 611 Sicanium
762 575 1019 623 circumspicit
1046 586 1114 611 ora
1140 574 1341 613 Pelorum.q

304 658 612 699 Tenebricosum
646 658 731 698 iure
762 658 1051 698 Bernartius
1085 657 1188 698 hunc
1223 659 1353 698 locum
1388 658 1569 710 appellat

200 720 641 770 Marklandusque,
687 732 780 759 num
824 720 876 760 sit
916 723 1056 771 sanus,
1102 719 1323 760 addubitat.
1391 720 1567 759 Primum

202 782 306 822 enim
334 783 375 834 ii,
403 784 470 834 qui
496 783 569 824 hos
597 795 734 824 versus
761 782 918 834 legunt,
946 783 987 823 in
1013 783 1134 823 verbo
1163 783 1466 835 ,Expellunt'
1495 796 1568 823 sua

201 850 342 899 sponte
369 842 581 887 haesitant.
626 847 765 897 Neque
784 846 888 886 enim
915 850 985 887 aut
1011 846 1072 886 vis
1099 849 1168 886 aut
1194 858 1288 886 usus
1315 846 1431 886 huius
1457 847 1569 886 verbi

200 910 441 962 sentcntiae,
482 922 584 961 quae
618 909 886 961 desideratur,
929 910 1180 961 aliquatenus
1214 909 1454 962 respondent
1486 922 1570 950 suc-

202 977 423 1015 curruntve.
495 974 637 1025 Itaque
687 974 924 1014 Heinsius
977 973 1163 1014 coniecit:
1218 973 1569 1026 ,Dispescunt',

203 1037 427 1077 Guietus:
482 1037 797 1089 ,Divellunt',
842 1038 1163 1077 Burmannus:
1218 1036 1570 1088 ,Discernunt’,

201 1101 546 1142 Marklandus:
599 1101 939 1154 ,Dispellunt’,
985 1101 1371 1152 Grasbcrgerus:
1390 1101 1416 1151 ¹)
1463 1101 1571 1152 ,Ex-

203 1166 450 1216 pugnant’.
505 1164 681 1212 Quarum
715 1165 1030 1205 coniecturarum
1063 1164 1158 1203 mihi
1185 1163 1344 1214 quidem
1372 1164 1571 1204 Marklan-

203 1225 326 1267 diana
353 1227 524 1267 maxime
560 1226 729 1278 arridet,
765 1227 841 1267 nisi
876 1226 977 1267 forte
1011 1225 1263 1267 scribendum
1296 1230 1374 1267 est:
1410 1226 1571 1280 ,Expe-

203 1289 359 1331 diunt’.
422 1291 593 1343 Euripus
612 1291 780 1331 *scilicet
813 1290 1007 1331 Chalcida
1047 1290 1131 1330 sive
1165 1291 1370 1331 Euboeam
1412 1291 1574 1344 expedit

201 1354 267 1393 vel
303 1353 485 1394 dissolvit
518 1368 543 1394 a
577 1359 684 1395 terra
719 1355 943 1395 continente
985 1354 1038 1394 ad
1071 1353 1368 1394 similitudinem
1395 1355 1571 1394 Anienis.

201 1416 314 1456 Talis
346 1418 457 1457 verbi
493 1417 791 1469 expediendi
825 1418 932 1457 notio
967 1417 1075 1457 haud
1108 1417 1166 1456 ita
1193 1417 1311 1468 lon'ge
1338 1431 1364 1457 a
1390 1418 1573 1457 sollemni

202 1480 288 1519 eius
319 1492 393 1520 usu
420 1480 583 1532 recedit,
611 1493 727 1531 quem
755 1480 899 1520 docent
926 1480 1026 1520 Stat.
1054 1480 1150 1520 Silv.
1178 1479 1239 1519 ΠΙ
1265 1481 1302 1531 4,
1328 1481 1390 1532 89,
1419 1481 1571 1533 Expe-

201 1543 341 1583 diunt
368 1556 539 1584 comas.
593 1544 731 1584 Horat.
760 1544 889 1585 Carm.
917 1544 936 1582 I
964 1542 1027 1595 27,
1054 1543 1228 1584 23-24:

572 1619 662 1667 ,Vix
689 1619 876 1668 illigatum
904 1623 956 1656 te,
970 1618 1132 1655 triformi

575 1671 741 1721 Pegasus
769 1671 950 1721 expediet
976 1669 1215 1718 Chimaera'3

201 1754 298 1794 ibid.
335 1755 395 1793 III
428 1755 491 1806 24,
528 1756 563 1794 8.
626 1754 739 1795 Ovid.
781 1754 942 1794 Heroid.
985 1754 1100 1793 XVII
1141 1755 1237 1794 200:
1281 1754 1574 1806 ,expediunt

202 1818 282 1858 iam
310 1821 379 1858 tua
406 1818 519 1859 vela
538 1818 739 1872 Phryges.’
781 1818 899 1870 Verg.
919 1806 1018 1858 Aen.
1037 1818 1056 1857 Ι
1078 1819 1170 1858 177:
1201 1818 1321 1870 ,Tum
1350 1819 1573 1860 Cererem

204 1886 428 1934 corruptam
455 1882 573 1922 undis
608 1883 943 1932 Cerealiaque
978 1894 1112 1921 arma
1137 1882 1442 1934 Expediunt,
1477 1883 1573 1923 ibid.

205 1945 300 1984 701:
330 1945 674 1996 ,Cereremque
703 1945 886 1986 canistris
913 1944 1211 1997 Expediunt.'

309 2029 489 2069 Alterum
515 2029 701 2069 mendum
727 2029 768 2068 in
795 2041 892 2069 voce
912 2029 968 2080 ,fl
977 2042 1003 2068 u
1011 2042 1035 2068 v
1042 2029 1091 2068 ii'
1119 2029 1230 2080 latet,
1259 2041 1362 2080 quac
1381 2042 1575 2080 nusquam

205 2091 403 2133 adiective
436 2093 501 2133 vel
535 2106 607 2146 pro
643 2092 818 2145 epitheto
860 2096 1053 2145 usurpata
1087 2096 1158 2133 est.
1219 2092 1305 2133 Nic.
1340 2093 1378 2132 H
1387 2105 1408 2132 e
1417 2093 1430 2132 i
1439 2106 1464 2132 n
1473 2105 1492 2133 s
1500 2093 1514 2132 i
1522 2106 1548 2133 11
1556 2106 1575 2133 s

204 2156 325 2206 igitur
343 2156 484 2195 maluit
502 2157 601 2207 legi:
623 2157 699 2207 ,sic
715 2156 907 2196 Chalcida
925 2155 1067 2195 fluctus
1081 2156 1116 2194 D
1125 2156 1164 2194 is
1173 2168 1198 2206 p
1209 2167 1230 2194 e
1239 2167 1258 2194 s
1268 2168 1289 2194 c
1298 2168 1323 2194 u
1331 2168 1356 2193 n
1365 2159 1380 2194 t
1398 2169 1417 2194 r
1426 2168 1447 2194 e
1457 2156 1493 2194 fl
1501 2156 1574 2206 ui',

205 2218 312 2270 quod
338 2218 734 2271 Lindenbrogius
770 2222 809 2259 et
836 2219 1048 2259 Cruceus
1076 2217 1339 2258 coniecerant.
1393 2218 1475 2257 Alii
1501 2218 1575 2257 viri

170 2282 172 2284 ’
205 2282 313 2324 docti
341 2295 379 2333 ‚r
389 2295 410 2323 e
420 2283 467 2324 fu
474 2284 535 2335 gi’
563 2282 774 2335 legendum
803 2286 1052 2333 censuerunt,
1081 2282 1224 2333 quibus
1251 2283 1291 2321 M
1299 2296 1324 2322 a
1332 2295 1351 2321 r
1360 2283 1388 2321 k
1396 2285 1410 2320 1
1419 2295 1443 2321 a
1452 2295 1478 2321 n
1487 2281 1513 2321 d
1522 2295 1547 2321 u
1556 2295 1575 2322 s

207 2350 267 2387 est
294 2347 518 2388 assentitus.
572 2346 872 2387 Baehrensiana
906 2349 1041 2386 autem
1068 2345 1189 2386 editio
1219 2345 1379 2386 exhibet
1407 2376 1416 2397 ,
1426 2344 1464 2385 fl
1472 2358 1496 2385 a
1503 2358 1528 2385 v
1535 2345 1547 2384 i
1554 2346 1575 2398 ',

207 2423 295 2450 cum
322 2410 700 2462 Grasbergerus
730 2410 905 2462 ,curvi'
933 2410 1194 2463 proposuerit.

315 2589 340 2634 ¹)
362 2590 400 2622 L.
425 2598 453 2622 c.
475 2598 510 2633 p.
532 2589 604 2622 771.
