1744 2973
855 172 905 215 23

772 305 811 348 11
844 306 888 360 4,
929 305 999 349 14.

197 388 241 424 V.
260 389 328 423 11:
356 386 429 435 ‚At
456 387 526 424 tibi
555 391 697 435 quanta
724 388 856 426 domus
883 390 999 425 rutila
1025 389 1215 425 testudine
1242 388 1402 437 fulgens,

354 437 606 488 Conexusque
634 440 740 477 ebori
767 442 958 491 virgarum
986 445 1186 491 argenteus
1215 440 1320 489 ordo,

354 492 615 540 Argutumque
642 497 705 529 tuo
734 494 932 530 stridentia
959 495 1090 531 limina
1118 506 1244 542 cornu,

350 544 402 580 Et
429 545 658 593 querulae
685 546 776 582 iam
804 551 974 595 sponte
1001 547 1119 584 fores!
1148 551 1261 583 vacat
1288 546 1355 582 ille
1382 546 1516 582 beatus

351 596 502 646 Carcer,
532 601 571 634 et
598 599 748 646 angusti
774 611 956 647 nusquam
983 600 1156 636 convicia
1183 599 1299 637 tecti.'

298 679 464 719 Frustra
496 680 571 718 viri
605 679 712 719 docti
745 680 786 719 in
821 681 1021 721 mutandis
1053 682 1184 721 verbis
1221 682 1331 732 ,iam
1366 680 1561 732 sponte'

196 742 463 793 difficultatis,
499 755 602 793 quae
629 743 671 782 in
697 756 733 783 v.
765 744 814 782 14
840 745 957 795 latet,
987 744 1222 784 enodandae
1250 756 1372 784 causa
1399 756 1561 795 operam

195 806 509 857 collocaverunt,
556 810 599 845 ut
640 805 988 858 Schraderus²)
1032 811 1145 858 ,tam
1186 807 1369 858 saepe’‚
1410 806 1561 846 Baeh-

194 870 390 917 rensius
426 873 542 920 ,tam
575 869 737 920 forte',
780 869 1184 920 Grasbergerus²)
1227 882 1332 921 ,ceu
1373 870 1559 921 sponte’

193 932 446 983 conicientes,
474 944 562 972 cum
589 932 931 984 Marklandus,
960 945 1039 983 qua
1067 937 1153 972 erat
1180 933 1301 972 animi
1328 933 1562 984 sagacitate,

195 999 302 1034 recte
342 996 422 1035 iam
459 1000 579 1035 antea
611 996 797 1046 senserit,
837 1008 975 1035 vocem
1009 996 1279 1047 ‚querulae’
1315 1000 1451 1035 contra
1479 1008 1561 1035 cor-

193 1061 349 1110 ruptam
377 1070 476 1098 esse.
531 1057 643 1104 Quae
670 1058 842 1110 suspicio
870 1070 949 1097 non
977 1059 1103 1098 solum
1137 1059 1204 1110 iis,
1248 1069 1349 1108 quae
1383 1058 1562 1109 proxime

194 1126 426 1173 sequuntur:
456 1125 621 1173 ,vacat
647 1121 716 1161 ille
733 1124 874 1162 beatus
893 1122 1050 1171 Carcer,
1079 1126 1119 1161 et
1146 1122 1304 1173 angusti
1327 1133 1561 1172 nusquam

193 1186 420 1225 convicia
447 1186 576 1236 tecti',
606 1185 677 1225 sed
705 1186 825 1226 etiam
852 1190 937 1226 tota
964 1199 1007 1225 re
1034 1190 1195 1236 totoque
1223 1197 1371 1226 caveae
1391 1184 1562 1236 descrip-

191 1248 310 1288 tionis
345 1252 481 1288 tenore
517 1249 785 1300 confirmatur,
826 1262 903 1299 quo
939 1253 1046 1289 certe
1082 1249 1184 1288 alius
1221 1248 1391 1288 cuiusvis
1419 1248 1562 1287 forium

193 1315 321 1351 status
349 1312 666 1352 commemoratio
696 1316 948 1364 exspectatur
984 1325 1032 1352 ac
1059 1311 1327 1351 molestissimi
1355 1323 1563 1351 exsecran-

194 1374 312 1425 dique
341 1375 514 1426 crepitus
537 1376 637 1415 laus.
678 1375 940 1415 Marklandus
967 1388 1060 1415 vero
1079 1375 1241 1415 liberius
1269 1375 1373 1426 ,Enl
1402 1378 1562 1413 mutae

191 1451 284 1478 non
313 1443 487 1490 sponte
514 1439 682 1478 fores!'
717 1438 969 1478 scribendum
996 1439 1220 1491 proposuit,
1249 1438 1363 1488 quasi
1389 1437 1561 1489 psittaco

192 1501 282 1540 vivo
311 1501 498 1553 strepitus
534 1501 779 1541 voluntarius
807 1513 956 1541 caveae
982 1502 1164 1553 portulae
1192 1502 1332 1541 fuisset
1357 1501 1561 1541 sollemnis

193 1576 241 1604 ac
267 1568 494 1616 perpetuus.
548 1565 602 1603 At
627 1577 678 1604 ne
706 1565 779 1604 sim
814 1565 974 1615 longus,
1016 1564 1158 1604 forium
1193 1564 1351 1604 illarum
1378 1563 1559 1603 condicio

191 1627 356 1667 exsistet
390 1628 513 1667 multo
548 1627 704 1677 dignior
730 1628 866 1678 reique
893 1628 1040 1679 aptior,
1074 1628 1109 1667 si
1135 1628 1445 1679 reposuerimus:
1484 1627 1560 1678 ,Et

190 1690 365 1741 patulae
393 1690 485 1729 iam
514 1694 688 1742 sponte
722 1691 893 1730 fores!'
947 1691 1023 1730 Hic
1051 1691 1156 1730 enim
1184 1694 1270 1730 erat
1297 1703 1446 1730 caveae
1474 1694 1557 1730 tum

191 1757 393 1805 aspectus:
422 1753 528 1793 fores
554 1754 635 1793 iam
662 1758 801 1806 sponte
826 1754 1032 1806 patebant,
1060 1754 1165 1805 quia,
1194 1758 1238 1793 ut
1265 1758 1379 1793 erant
1405 1766 1559 1794 vacuae

188 1821 309 1868 atque
351 1817 535 1868 orbatae,
577 1829 824 1857 reversurum
865 1817 1129 1857 habitatorem
1173 1818 1391 1869 sperabant
1431 1829 1560 1857 rever-

190 1892 354 1931 sumque
381 1893 500 1931 quam
528 1881 730 1921 celerrime
757 1880 934 1932 recipere
961 1880 1198 1932 gestiebant.
1245 1880 1303 1921 Of.
1331 1881 1371 1920 II
1397 1880 1434 1932 5,
1467 1880 1530 1919 ll:

348 1971 515 1983 .....
544 1949 639 1992 ‚stat
666 1946 864 1981 cardine
891 1949 1058 1993 aperto

346 1996 522 2033 Infelix
549 2009 679 2047 cavea,
708 2001 747 2034 et
773 1997 912 2034 clausis
940 1998 1081 2034 circum
1109 1997 1274 2046 undique
1300 1998 1421 2047 portis

345 2050 430 2087 Hoc
456 2050 610 2088 licuisse
637 2051 744 2088 nefas
771 2050 895 2089 rabidi
922 2054 1094 2088 tumuere
1120 2050 1275 2088 leones?

190 2112 244 2148 IV
266 2114 300 2162 6,
331 2113 373 2149 2:
404 2125 509 2162 ,cum
535 2114 719 2163 patulis
747 2117 910 2150 tererem
936 2125 1054 2163 vagus
1083 2114 1162 2150 otia
1189 2114 1330 2162 saeptis

400 2166 699 2257 ssffdifflgssienoe
726 2167 800 2216 die,
828 2167 954 2216 rapuit
980 2179 1041 2204 me
1069 2178 1162 2204 cena
1189 2166 1343 2216 benigni

294 2281 432 2321 Horat.
460 2281 543 2321 Art.
572 2285 677 2333 poet.
709 2281 802 2331 1323
837 2281 951 2322 Ovid.
980 2281 1056 2321 VII
1082 2281 1180 2330 2453
1209 2281 1305 2320 ibid.
1334 2280 1431 2319 XIV
1460 2281 1555 2320 752:

358 2345 429 2393 ,Et
455 2346 633 2394 patulis
661 2346 741 2382 iniit
768 2348 911 2382 tectum
939 2345 1099 2384 sublime
1127 2344 1380 2382 fenestris.'

296 2471 320 2511 ¹)
344 2470 387 2503 Μ.
410 2470 553 2512 Hauptii
576 2470 702 2512 Opusc.
724 2470 775 2503 III
800 2470 870 2503 132.

294 2524 320 2565 2)
344 2525 381 2557 L.
406 2535 434 2557 c.
457 2535 490 2565 p.
514 2525 586 2557 772.
