1744 2973
862 193 914 235 22

358 321 549 371 Improba,
579 321 647 358 sed
675 322 820 359 medius
849 334 918 371 per
945 323 1105 360 honesta
1132 326 1170 359 et
1199 323 1324 360 dulcia
1351 323 1474 371 limes,

359 374 582 424 Incorrupte
610 374 725 411 fidem
752 375 952 423 nullosque
981 380 1140 425 experte
1167 376 1348 413 tumultus

355 427 413 463 Et
440 431 646 474 secrete,
675 428 801 476 palam
829 428 931 476 quod
959 428 1099 478 digeris
1127 428 1260 465 ordine
1286 430 1415 477 vitam,

355 480 463 516 Idem
491 481 572 517 auri
600 480 724 517 facilis
753 485 993 530 contemptor
1022 485 1060 518 et
1087 482 1251 531 optimus
1279 481 1381 518 idem

356 532 517 569 Comere
545 533 699 569 divitias
728 533 940 581 opibusque
968 534 1174 570 immittere
1202 534 1350 570 lucem.'

302 616 397 656 Jure
424 615 748 656 Marklandus
783 630 819 656 v.
849 618 899 656 69
929 622 968 657 et
1002 617 1181 657 codicum
1210 616 1459 657 memoriam:
1495 616 1574 668 ,Et

198 684 393 718 secrete
427 680 606 730 palam'
644 683 683 718 et
718 680 947 719 Grevartii
989 680 1255 720 coniecturam
1291 679 1574 730 ,Exsatiate

198 742 377 792 palam'
415 747 652 794 aspernatus
688 746 766 782 est:
810 743 938 783 altera
974 745 1078 783 enim
1111 756 1245 783 secum
1286 742 1376 794 ipsa
1409 746 1573 794 pugnat,

198 805 327 844 altera
363 809 423 845 est
458 805 646 845 absurda.
701 805 1039 845 Baehrensius
1067 818 1160 846 vero
1188 806 1460 858 patrocinatur
1485 806 1575 845 voci

199 869 407 917 ,secure'
437 882 462 908 a
489 868 728 908 Marklando
757 869 1020 919 excogitatae,
1049 869 1112 908 cui
1139 869 1203 909 hic
1230 869 1316 920 ipse
1343 868 1446 908 adeo
1474 868 1574 908 diffi-

197 930 331 982 debat,
360 935 403 970 ut
431 944 474 971 se
502 944 590 971 eam
619 931 823 983 explicare
852 944 931 971 non
958 943 1077 983 posse
1104 931 1308 971 fateretur.
1353 931 1574 972 Kochius

196 993 368 1044 denique
396 1007 566 1045 summa,
594 998 638 1033 ut
666 995 785 1045 solet,
816 1006 904 1034 cum
932 994 1094 1034 licentia
1121 995 1245 1035 verba
1272 995 1574 1045 ,Ambitione

196 1068 221 1106 p
231 1069 250 1094 r
260 1069 282 1095 o
293 1057 384 1095 cul'
415 1060 658 1096 commentus
687 1060 758 1096 est.
768 1056 795 1106 ¹)

300 1130 496 1181 Equidem
525 1130 677 1171 conicio
705 1130 879 1170 litteram
907 1130 940 1170 N
968 1130 1190 1182 particulae
1219 1130 1351 1182 ‚Nec'
1387 1131 1428 1171 in
1460 1130 1572 1171 initio

195 1207 333 1234 versus
377 1194 595 1235 secundum
630 1194 862 1234 sollemnem
897 1194 1149 1234 librariorum
1184 1206 1356 1234 errorem
1383 1195 1574 1235 facillime

196 1257 381 1297 excidere
416 1258 613 1310 potuisse,
656 1271 733 1308 quo
769 1257 876 1297 facto
913 1258 1115 1309 syllabam
1150 1258 1237 1309 ,ee'
1267 1258 1308 1297 in
1335 1258 1573 1309 particulam

196 1322 276 1371 ,et'
312 1322 533 1362 litterarum
566 1320 751 1361 ductibus
788 1321 1029 1361 simillimam
1057 1322 1215 1361 abiisse.
1270 1322 1449 1361 Restitue
1477 1334 1571 1372 ergo

194 1385 432 1424 vocabulum
461 1385 611 1436 ‚Nec':
640 1385 721 1424 iam
748 1385 958 1435 intelleges
987 1388 1027 1424 et
1052 1384 1271 1436 perspicies
1290 1384 1573 1424 sententiarum

195 1453 371 1487 tenorem
414 1448 712 1498 orationemque
748 1447 952 1488 antithetis
994 1448 1200 1487 refertam:
1240 1447 1384 1488 Atedio
1426 1460 1572 1487 aureae

194 1511 460 1551 mediocritati
487 1511 717 1551 inservienti
745 1515 906 1561 tamque
941 1510 1157 1562 blanditia,
1199 1523 1318 1561 quam
1352 1510 1596 1561 honestate,'

193 1579 276 1614 tam
297 1574 510 1625 hilaritate,
540 1587 659 1624 quam
678 1574 876 1625 gravitate
905 1578 1045 1614 ornato
1073 1586 1146 1614 nec
1174 1574 1290 1626 pigra
1309 1574 1419 1624 quies
1438 1575 1572 1626 placet

193 1650 322 1688 neque
356 1638 493 1688 iniqua
529 1638 708 1688 potentia
744 1649 872 1688 neque
908 1637 1073 1677 ambitio
1100 1637 1293 1689 improba.
1349 1636 1437 1683 Qua
1463 1649 1507 1677 re
1535 1637 1572 1676 ei

195 1701 380 1752 contigit,
421 1705 465 1740 ut
498 1702 768 1752 incorruptam
808 1700 1027 1740 servaverit
1067 1699 1186 1739 fidem
1221 1712 1349 1751 neque
1382 1701 1486 1740 ullos
1521 1700 1573 1740 sit

194 1768 381 1816 expertus
407 1765 609 1816 tumultus,
639 1777 741 1815 quae
766 1777 830 1804 res
849 1763 970 1804 laude
998 1776 1045 1803 eo
1076 1764 1226 1803 maiore
1252 1763 1409 1803 videtur
1436 1763 1571 1815 digna,

194 1829 287 1878 quia
323 1841 402 1867 non
435 1828 575 1879 procul
611 1841 636 1867 a
667 1840 710 1866 re
737 1827 900 1879 publiea
928 1827 992 1866 vel
1020 1840 1045 1866 a
1074 1830 1189 1867 coetu
1216 1826 1434 1876 hominum,
1476 1839 1571 1866 non

194 1895 421 1932 secretus
440 1891 565 1931 vitam
584 1890 770 1942 degebat,
799 1890 871 1930 sed
889 1891 1056 1942 palam
1084 1903 1173 1930 eam
1193 1889 1331 1930 ordine
1351 1890 1569 1941 digerebat.

299 1966 419 2005 Vocis
466 1969 597 2003 autem
645 1965 901 2015 ,secretus’
948 1977 1062 2003 usum
1107 1965 1339 2015 comprobat
1381 1965 1571 2015 imprimis

194 2028 322 2068 Tacit.
350 2028 452 2067 Ann.
482 2027 540 2066 XI
567 2027 637 2066 21:
682 2025 795 2078 ,dum
830 2026 871 2066 in
908 2025 1055 2079 oppido
1084 2026 1299 2067 Adrumeto
1333 2026 1470 2067 vacuis
1500 2039 1571 2080 per

194 2092 371 2131 medium
399 2091 479 2130 diei
507 2091 726 2142 porticibus
754 2094 977 2129 secretus
1006 2090 1152 2141 agitat,
1189 2090 1325 2130 oblata
1353 2091 1389 2129 ei
1416 2091 1571 2142 species

200 2155 423 2195 muliebris’
466 2158 505 2193 et
546 2166 649 2205 quae
690 2166 800 2205 seqq.
857 2153 994 2193 Senec.
1024 2153 1140 2193 Herc.
1169 2153 1243 2193 fur.
1279 2153 1374 2194 845:
1418 2154 1572 2206 ,Turba

194 2223 441 2260 secretam
469 2219 652 2259 Cererem
681 2218 927 2269 frequentat!
983 2217 1098 2257 Mart.
1128 2218 1204 2258 V11
1231 2219 1293 2269 31,
1320 2219 1347 2257 4
1375 2222 1414 2258 et
1440 2218 1503 2269 34,
1532 2219 1569 2258 8.

193 2284 330 2322 Horat.
360 2283 445 2322 Sat.
472 2282 512 2321 II
542 2283 575 2333 1,
606 2282 675 2333 713
704 2283 789 2321 Art.
817 2285 923 2333 poet.
953 2281 1042 2320 298.
1088 2281 1298 2321 Lucret.V
1325 2282 1401 2321 448
1422 2285 1461 2321 et
1478 2281 1570 2321 449.

301 2410 325 2450 ¹)
360 2409 562 2442 Coniectan.
591 2409 625 2441 in
658 2412 782 2450 poetas
812 2409 870 2442 lat.
898 2411 979 2450 part
1008 2408 1066 2441 alt.
1103 2417 1135 2449 p.
1167 2408 1216 2440 15.
1271 2407 1495 2440 Francofurti
1525 2406 1570 2440 ad

195 2463 360 2497 Viadrum
386 2463 477 2496 1865.
