1744 2973
854 180 903 219 10

290 306 485 356 Equidem
513 308 553 347 in
581 308 826 358 singulorum
854 307 1021 359 singulis
1048 309 1218 349 inventis
1236 309 1465 350 refellendis
1482 323 1560 351 non

186 381 272 408 sum
300 375 544 422 moraturus,
581 371 652 411 sed
685 384 788 421 quae
816 371 867 411 sit
894 384 984 411 mea
1012 371 1258 412 difficultatis
1287 373 1562 426 expediendae

186 432 287 473 ratio
329 434 541 485 proferam.
611 435 773 475 Conicio
822 434 927 474 enim
976 436 1242 487 corruptelam
1291 448 1379 477 esse
1426 440 1562 477 natam

187 509 236 536 ex
278 510 376 538 voce
417 498 621 549 ‚glauci’,
657 510 760 549 quae
795 498 878 538 sive
913 497 1030 538 deum
1072 499 1267 539 marinum
1301 499 1385 540 sive
1424 500 1562 553 Euripi

185 560 374 601 fluctuum
404 562 576 603 colorem
604 560 821 612 significat,
857 562 1005 613 optime
1040 562 1094 602 ad
1122 574 1205 602 rem
1232 562 1404 613 quadrat
1430 565 1564 605 simili-

186 625 403 675 tudineque
430 625 651 664 litterarum
679 637 758 664 non
787 623 1025 664 destituitur.
1072 624 1225 665 Glauco
1254 626 1369 677 enim,
1399 627 1466 677 qui
1484 640 1564 679 qua

187 688 342 728 ratione
368 688 410 728 in
429 687 545 728 deum
577 687 773 728 marinum
801 687 852 740 sit
872 699 1084 728 conversus
1111 688 1214 728 inter
1242 701 1377 730 omnes
1396 694 1563 744 constat,

186 752 359 804 Euripus
387 755 474 791 erat
501 755 756 792 consecratus
783 751 1053 803 templumque
1072 751 1306 792 Anthedone
1325 752 1562 795 dedicatum.

188 814 625 866 Cf.Si1v.1112‚36:

363 930 370 938 .
402 931 409 937 .
443 930 450 937 .
481 901 637 950 ,subitis
666 902 729 949 qui
758 900 924 949 perdidit
952 901 1105 950 inguina
1137 902 1314 938 monstris

322 954 533 991 Glaucus
563 953 686 990 adhuc
713 953 891 1002 patriis
920 954 1094 1002 quotiens
1123 953 1303 991 allabitur
1330 956 1426 992 oris

322 1007 516 1043 Litoream
546 1006 687 1043 blanda
716 1006 857 1042 feriens
885 1005 1113 1042 Anthedona
1141 1006 1299 1053 cauda3'

188 1090 313 1130 Theb.
343 1090 417 1128 VII
451 1088 647 1128 333-35,
702 1089 850 1129 Auson.
884 1087 1038 1128 Mosell.
1067 1088 1144 1128 276
1172 1100 1281 1139 seqq.
1335 1087 1488 1128 Eadem
1516 1085 1567 1125 de

189 1165 312 1192 causa
348 1153 399 1192 ab
437 1151 580 1192 Ovidio
614 1151 708 1191 Met.
737 1151 830 1190 XIV
865 1151 891 1190 4
919 1151 1094 1191 Glaucus
1130 1152 1427 1202 ,Euboeicus
1454 1150 1567 1191 tumi-

189 1216 329 1255 darum
365 1214 525 1255 cultor
566 1215 818 1265 aquarum'
854 1214 1099 1267 appellatum
1142 1215 1192 1254 cf.
1227 1218 1438 1267 praeterea
1471 1213 1567 1254 ibid.

188 1293 225 1319 v.
254 1279 305 1319 38
334 1291 443 1329 seqq.
473 1281 512 1317 et
547 1291 582 1318 v.
612 1278 662 1317 68
692 1290 821 1328 seqq.;
858 1277 1028 1328 denique
1064 1278 1205 1319 Claud.
1239 1279 1355 1331 Rapt.
1384 1279 1567 1330 Proserp.

189 1344 249 1382 III
279 1343 340 1382 12.

294 1427 433 1476 Neque
479 1426 608 1465 altera
654 1438 703 1464 ex
747 1428 861 1476 parte
904 1424 1120 1475 quidquam
1165 1426 1316 1476 obstat,
1362 1424 1569 1476 quominus

192 1490 394 1542 ,glauci'
431 1502 508 1529 vox
546 1488 734 1528 adiectivi
771 1492 810 1527 et
847 1488 1011 1540 epitheti
1044 1490 1222 1529 ornantis
1255 1489 1342 1529 vice
1369 1488 1568 1540 fungatur,

190 1554 425 1605 praesertim
467 1565 556 1592 cum
597 1551 739 1591 Glauci
781 1551 959 1591 fabulam
1004 1551 1134 1603 ipsam
1179 1553 1230 1592 ab
1276 1552 1351 1592 hoc
1390 1552 1566 1602 glauco

191 1616 312 1655 maris
344 1616 429 1655 sive
462 1615 595 1667 potius
631 1614 721 1653 freti
763 1614 895 1653 colore
935 1614 1127 1665 originem
1169 1615 1333 1654 duxisse
1374 1614 1568 1666 suspicari

191 1679 322 1719 liceat.
391 1677 581 1718 Similiter
631 1676 739 1729 apud
783 1676 1047 1717 Claudianum
1090 1676 1207 1729 Idyll.
1248 1678 1304 1718 VI
1344 1678 1395 1717 35
1437 1681 1477 1718 et
1517 1678 1567 1717 36

190 1742 378 1792 legimus:

352 1826 560 1874 ,Turbidus
589 1826 755 1875 impulsu
783 1810 887 1863 venti
916 1838 1000 1863 cum
1029 1826 1220 1876 spargitur
1246 1831 1323 1874 aer,

352 1880 617 1928 Glaucaque
646 1879 848 1916 fumiferae
877 1883 1010 1928 terga
1038 1883 1189 1916 serenat
1216 1879 1403 1928 aquaeg'

194 1956 233 1992 et
261 1953 301 1992 in
330 1951 508 1992 eiusdem
536 1952 652 2004 Rapt.
681 1952 864 2003 Proserp.
893 1952 913 1990 Ι
943 1952 1035 1991 103:

354 2065 676 2076 .........
711 2037 871 2086 ,Nereia
898 2038 1068 2085 glauco

351 2091 569 2140 Neptunum
597 2103 648 2139 gr
658 2102 679 2126 e
689 2091 779 2127 mio
808 2090 1076 2139 complectitur
1104 2089 1358 2139 Amphitrites
1378 2090 1403 2139 ¹)

303 2259 327 2301 ¹)
357 2260 398 2292 R.
429 2258 728 2301 Bitschofsky
758 2258 914 2291 defendit
943 2258 1108 2292 traditum
1138 2257 1415 2300 ,Expellunt'‚
1445 2267 1569 2291 vocem

192 2324 279 2346 vcro
311 2312 472 2355 ,fluvii'
503 2312 705 2346 coniectura
734 2312 882 2354 ,dubii'
914 2314 966 2353 (=
999 2312 1070 2354 ‚die
1094 2310 1402 2352 schwankenden')
1432 2311 1475 2344 de
1504 2321 1568 2345 suo

192 2368 332 2409 prolata
356 2367 488 2400 sarcire
513 2366 650 2408 studet3
675 2365 719 2398 cf.
743 2365 831 2399 Ann.
848 2375 1004 2408 gymnas.
1027 2365 1203 2399 Austriac.
1225 2365 1296 2398 vol.
1319 2365 1436 2399 XXIX
1459 2365 1569 2407 (1878)

192 2432 224 2462 p.
248 2419 429 2453 907-912.
