1744 2973
852 152 901 190 37

194 285 282 324 loeo
329 279 554 331 corruptela
598 279 796 319 laboranti
839 281 1032 321 succurrit
1071 279 1290 332 Peyraredi
1336 278 1563 318 coniectura

193 344 347 397 ,ferit'
375 345 574 382 revocata.

297 405 385 453 Qua
421 402 697 444 emendatione
730 404 824 445 licet
857 405 1072 447 difficultas
1107 406 1321 446 memoriae
1347 404 1559 445 manifesta

192 471 245 511 sit
271 467 459 520 expedita
476 466 701 516 locutioque
718 469 847 519 poetis
865 469 1176 510 familiarissima
1202 469 1397 520 restituta,
1424 472 1557 508 tamen

193 545 286 573 num
312 542 448 571 verum
476 529 765 580 genuinumque
792 531 909 571 Statii
941 533 1114 573 verbum'
1130 533 1171 572 in
1198 532 1326 571 lucem
1353 530 1557 583 prodierit,

193 599 271 646 est,
307 606 376 633 cur
403 592 639 633 dubitemus.
693 593 789 633 Silv.
816 594 856 632 Π
882 595 926 645 2,
964 595 1039 633 144
1065 595 1169 634 enim
1195 596 1306 635 locus
1332 597 1465 634 exstat
1491 606 1557 633 no-

193 662 274 698 stro
302 654 545 697 simillimus:

298 721 392 769 ,Seu
418 724 587 756 nostram
615 721 770 768 quatit
796 720 863 756 ille
891 721 1061 770 chelyn
1089 734 1155 759 seu
1182 722 1335 759 dissona
1360 722 1479 759 nectit

296 772 472 810 Carmina
500 772 581 808 sive
608 773 738 809 minax
764 772 927 809 ultorem
955 775 1105 823 stringit
1131 774 1306 812 iambon?

191 835 277 883 Quo
305 834 429 875 fretus
457 833 696 874 contendere
723 832 851 874 audeo
879 838 1012 875 nostro
1031 847 1187 886 quoque
1204 836 1291 875 loco
1318 848 1390 888 pro
1408 834 1555 875 tradito

192 898 352 951 ,petit'
381 897 632 937 scribendum
660 909 748 937 esse
774 897 973 948 ,quatit’.
1028 898 1086 938 cf.
1115 898 1257 938 Achill.
1285 898 1326 937 II
1351 899 1447 938 442:

337 992 347 1001 .
376 990 384 999 .
415 973 504 1010 ‚nec
531 962 652 999 maior
678 962 717 998 in
744 961 828 999 istis

296 1014 430 1063 Sudor,
457 1013 689 1063 Appollineo
717 1026 829 1062 quam
857 1014 945 1050 fila.
972 1016 1145 1052 sonantia
1172 1015 1318 1064 plectro

295 1066 389 1104 Cum
417 1070 659 1115 quaterem
685 1067 907 1117 priscosque
934 1067 1056 1104 virum
1086 1068 1244 1105 mirarer
1270 1067 1444 1105 honores.

191 1130 308 1180 Verg.
325 1129 468 1179 Georg.
484 1129 540 1168 IV
558 1129 628 1180 643
648 1128 763 1169 Ovid.
781 1124 915 1168 Amor.¹
932 1129 992 1168 ΙΠ
1013 1130 1073 1180 12,
1091 1130 1154 1169 40.
1183 1130 1355 1170 Martial.
1368 1130 1428 1169 XI
1441 1129 1476 1168 V
1493 1129 1557 1170 54.

549 1394 695 1451 Epist.
729 1395 757 1439 1.
792 1394 853 1439 IV
883 1408 956 1439 vv.
992 1394 1195 1439 41-42.

297 1477 379 1518 Sub
413 1477 531 1517 finem
565 1477 761 1530 epistulae
794 1478 896 1518 libro
929 1478 1126 1518 Silvarum
1161 1482 1302 1529 quarto
1337 1478 1558 1529 praemissa

189 1542 231 1581 in
273 1540 389 1581 codd.
423 1540 524 1581 haec
564 1541 687 1581 verba
726 1542 929 1592 leguntur:
972 1541 1105 1592 ,Hune
1145 1545 1278 1581 tamen
1318 1541 1462 1580 librum
1502 1545 1557 1586 tu,

189 1604 398 1655 Marcelle,
439 1603 631 1643 defendes
664 1607 712 1644 et
739 1604 780 1644 si
807 1603 963 1644 videtur
997 1604 1255 1655 hactenus,
1294 1603 1355 1643 sin
1389 1603 1469 1652 (ed.
1496 1617 1556 1655 pr,

191 1667 315 1719 ,sim')
342 1667 486 1717 minus,
511 1667 874 1718 reprehendemur'.
919 1667 1054 1707 Verba
1081 1671 1259 1707 extrema
1276 1666 1317 1706 in
1337 1666 1424 1706 cod.
1446 1667 1556 1706 Vrat.

188 1730 245 1770 ita
279 1733 370 1770 sunt
404 1733 569 1770 exarata
610 1729 821 1781 ,defendes
855 1731 889 1770 ἃ
922 1730 952 1769 fi
986 1729 1104 1770 uidet*
1146 1730 1302 1770 haeten'
1339 1729 1397 1768 sin
1430 1734 1557 1770 minus

190 1791 500 1846 rephendemur!

295 1855 407 1904 Quae
425 1855 621 1908 epistulae
638 1867 733 1907 pars
752 1860 931 1895 extrema
957 1858 1192 1908 interpretes
1218 1855 1396 1895 nonnihil
1414 1856 1558 1896 sollici-

189 1920 308 1973 tavit,
343 1933 436 1961 nam
463 1932 539 1971 quo
566 1919 788 1961 referantur
815 1919 960 1971 quidve
987 1919 1063 1960 sibi
1089 1919 1213 1960 velint
1239 1919 1362 1960 verba
1388 1918 1466 1959 ista
1493 1923 1558 1971 ,et

190 1985 231 2024 si
257 1984 427 2025 videtu
436 1984 470 2023 r'
500 1987 540 2023 et
566 1995 669 2034 quae
696 1996 804 2035 seqq.
834 1984 941 2024 clare
975 1984 1149 2036 perspici
1177 1996 1256 2023 non
1282 1987 1425 2036 potest.
1477 1983 1558 2023 Alii

192 2060 241 2089 ea
281 2048 398 2089 aliter
438 2047 762 2100 interpretantur:
804 2046 1057 2088 Barthius:
1101 2047 1163 2099 ,Si
1205 2045 1415 2099 defendes,
1455 2046 1558 2087 bene

189 2111 329 2163 habet,
371 2111 432 2151 sin
472 2111 620 2162 minus,
662 2115 796 2151 tamen
838 2111 999 2151 obnoxii
1041 2111 1186 2151 erimus
1226 2111 1557 2163 reprehensioni3’

189 2173 531 2215 Marklandus:
562 2173 638 2225 ,Et
665 2174 706 2214 si
733 2174 790 2214 ita
817 2174 890 2213 tibi
916 2173 1193 2224 videbitur,
1221 2174 1459 2214 hactenus
1486 2185 1559 2212 nec

189 2237 295 2277 ultra
321 2236 546 2277 huiusmodi
573 2237 721 2289 scripta
748 2236 882 2277 edam:
911 2237 986 2277 sin
1013 2237 1191 2289 minus,
1218 2237 1244 2277 i.
1265 2249 1299 2276 e.
1327 2237 1360 2276 si
1387 2236 1558 2276 volueris

190 2312 253 2340 me
279 2311 466 2352 pergere,
494 2299 847 2352 reprehendamur3
883 2300 956 2351 (ita
984 2300 1088 2340 enim
1114 2300 1339 2352 legendum,
1366 2311 1444 2338 non
1472 2313 1508 2350 ,r
1517 2311 1559 2339 e-

190 2362 603 2415 prehendemur')‚
643 2375 723 2404 non
763 2375 837 2415 ego
877 2363 1034 2405 invidos
1069 2368 1108 2404 et
1140 2362 1356 2404 malevolos
1391 2363 1559 2413 curabo3

190 2426 497 2479 reprehendant,
524 2427 559 2466 si
585 2426 728 2478 velint3
756 2439 831 2478 ego
858 2428 1045 2480 pergam.'

295 2490 382 2531 Hae
415 2490 702 2543 interpretandi
736 2491 911 2531 rationes
946 2491 1049 2531 inter
1082 2503 1125 2531 se
1158 2494 1241 2531 tam
1282 2488 1561 2531 dissentientes

191 2554 319 2605 magis
346 2553 516 2594 idoneae
543 2558 646 2605 sunt,
674 2554 817 2606 quibus
844 2555 957 2595 loeus
974 2554 1149 2595 difficilis
1174 2555 1415 2606 obscuretur,
1443 2566 1563 2606 quam
